1974 3305
290 125 375 165 306
832 125 1057 164 ιΛιΑΔοΣ
1099 126 1145 165 A.
1188 123 1269 175 (1)

347 225 436 266 οὐδέ
456 241 505 276 με
527 222 684 281 τυτθὸν]
719 226 808 266 οὐδὲ
830 226 967 277 ὀλίγον
987 241 1035 275 με

350 295 446 348 356.
478 291 666 350 ἀπούρας]
699 294 960 345 ἀφελόμενος,
983 295 1088 344 παρὰ
1107 291 1152 332 τὸ
1175 292 1283 345 ὁρίζω

349 361 444 413 358.
477 358 611 418 πατρὶ]
647 363 698 418 τῷ
722 365 851 414 Νηρεῖ
870 364 987 415 (νιρεῖ
1004 361 1062 413 Α)

346 439 444 483 359.
479 428 750 488 καρπαλίμως]
776 430 926 484 ταχέως
1101 430 1198 483 360.
1230 425 1405 484 πάροιθ’]
1431 426 1647 479 ἔμπροσθεν

347 498 444 551 361.
465 496 695 555 κατέρεξεν]
731 499 954 551 κατέψηξεν
1129 496 1226 551 362.
1261 493 1385 552 ἵκετο]
1420 494 1643 542 κατέλαβεν
1867 508 1890 546 5

348 565 445 620 363.
478 564 635 624 ἐξαύδα]
661 566 791 617 ἔξειπε
890 566 942 618 μὴ
965 562 1097 621 κεῦθε]
1126 564 1178 616 μὴ
1201 565 1342 617 κρύπτε
1443 560 1581 620 ἄμφω]
1605 564 1821 616 ἀμφότεροι

348 635 447 687 364.
478 635 582 685 βαρὺ
604 632 827 691 στενάχων]
862 634 1019 687 μεγάλα
1042 632 1239 682 στενάζων

349 701 446 756 365.
479 700 617 758 οἶσθα]
654 704 866 744 ἐπίστασαι
984 702 1043 753 τίη
1065 697 1145 757 τοι]
1170 701 1210 740 τί
1228 700 1272 750 δή
1295 717 1358 740 σοι
1487 696 1680 755 ἀγορεύω]
1713 697 1820 751 λέγω

345 771 442 824 366.
476 769 662 828 ᾠχόμεθ’]
686 771 987 823 παρεγενόμεθα
1077 769 1175 823 367.
1205 764 1480 823 διεπράθομεν]
1505 766 1821 819 ἐξεπορθήσαμεν

344 838 443 891 368.
476 839 518 879 εὖ
539 836 760 895 δάσσαντο]
795 842 920 880 καλῶς
943 838 1174 890 ἐμερίσαντο
1843 851 1892 877 10

345 917 443 960 373.
477 904 685 964 στέμματ’]
720 908 769 949 ὡς
792 905 995 957 στέμματα

345 972 441 1028 382.
473 972 561 1032 ἧκε]
592 976 770 1028 ἔπεμψεν
945 975 1043 1029 383.
1077 970 1356 1029 ἐπασσύτεροι]
1392 971 1624 1024 ἐπάλληλοι,
1651 972 1794 1013 πυκνοί

344 1055 440 1097 392.
474 1045 615 1095 κούρην
636 1042 800 1101 Βισῆος]
836 1044 1115 1094 ἀντωνομασία

345 1123 443 1165 393.
475 1110 687 1169 περίσχεο]
722 1114 937 1165 φρόντισον
1114 1123 1210 1165 394.
1242 1107 1374 1167 λίσαι]
1398 1110 1634 1151 λιτάνευσον

343 1180 441 1234 396.
474 1181 531 1221 ἐνὶ
551 1178 802 1237 μεγάροισιν]
838 1181 882 1221 ἐν
902 1183 983 1222 τοῖς
1005 1181 1124 1221 οἴκοις
1844 1192 1892 1232 15

344 1259 441 1302 397.
474 1247 725 1306 ὅτ’ἕφησθα]
767 1250 831 1290 ὅτε
864 1248 1001 1301 ἔλεγες

344 1315 590 1374 κελαινεφέϊ]
625 1321 693 1358 τοῦ
723 1319 965 1370 ὀμβροποιοῦ
993 1316 1066 1371 (Sic
1090 1315 1279 1370 genitivo
1300 1316 1412 1369 casu)

344 1386 440 1439 398.
474 1383 635 1442 ἀμῦναι]
670 1386 923 1439 ἀποστρέψαι

343 1466 440 1508 399.
473 1452 557 1511 μιν]
590 1454 737 1495 Ἰώνων
912 1450 1119 1509 ξυνδῆσαι]
1155 1470 1229 1494 συν

342 1519 478 1579 ἄλλοι]
514 1525 550 1563 οἱ
571 1526 739 1566 Τιτᾶνες
1844 1542 1894 1567 20

345 1603 445 1641 401.
478 1588 702 1648 ὑπελύσαο]
737 1592 891 1641 ἐξείλω,
915 1591 1062 1633 ἔλυσας

342 1659 441 1710 408.
476 1661 518 1700 αἵ
537 1660 603 1700 κέν
624 1656 723 1715 πως]
759 1658 826 1700 ἐάν
846 1675 928 1701 πως

349 1740 449 1780 409.
482 1729 570 1771 τοὺς
591 1724 652 1783 δὲ]
686 1727 775 1769 τοὺς
796 1725 1054 1777 ὃὲ“Ελληνας

341 1794 533 1853 πρύμνας]
568 1799 636 1838 τὰς
658 1799 751 1839 ναῦς
774 1795 850 1836 ἀπὸ
869 1795 1009 1846 μέρους
1187 1792 1323 1851 ἔλσαι]
1359 1794 1579 1836 συνελάσαι

342 1877 441 1915 410.
474 1866 537 1906 ἵνα
572 1865 714 1907 πάντες
746 1865 990 1916 ἐπαύρωνται
1026 1861 1242 1920 βασιλῆος]
1276 1865 1342 1904 ἵνα
1371 1863 1512 1906 πάντες
1545 1861 1819 1904 ἀπολαύσοῗῖσι
1841 1881 1891 1921 25

283 1935 349 1983 τῆς
370 1934 562 1984 ἀβουλίας
582 1936 649 1972 τοῦ
669 1933 889 1983 βασιλέως,
912 1932 1128 1981 τουτέστιν,
1153 1933 1217 1972 ἵνα
1240 1932 1466 1973 ἀπόλωνται
1487 1930 1534 1972 δι’
1555 1932 1673 1973 αὐτοῦ

339 2014 437 2051 412.
468 2000 514 2052 ἢν
536 1999 651 2057 ἄτην]
685 2001 756 2051 τὴν
779 2001 881 2041 ἰδίαν
904 2000 1099 2052 ἀβουλίαν
1121 2000 1183 2041 καὶ
1204 1999 1369 2052 βλάβην

339 2080 437 2123 415.
473 2066 702 2126 ἀδάκρυτος]
737 2069 887 2111 ἄλυπος
1063 2069 1127 2109 καὶ
1149 2066 1331 2125 ἀπήμων]
1364 2069 1426 2110 καὶ
1449 2067 1635 2120 ἀβλαβής

339 2138 437 2188 416.
473 2135 586 2194 αἶσα]
620 2141 737 2190 μοῖρα
910 2136 1078 2188 μίνυνθά
1099 2133 1191 2193 περ]
1226 2135 1285 2177 ἐπ’
1303 2138 1440 2190 ὀλίγον

339 2207 422 2247 οὕτι
443 2204 552 2256 μάλα
583 2202 671 2262 δήν]
707 2206 769 2246 καὶ
791 2205 858 2246 οὐκ
881 2205 944 2246 ἐπὶ
963 2204 1091 2246 πολὺν
1110 2205 1254 2259 χρόνον
1840 2226 1892 2262 3ο

338 2286 436 2327 417.
471 2272 685 2331 ὠκύμορος]
719 2272 990 2327 ταχυθάνατος
1166 2270 1334 2330 ὀϊζυρός]
1369 2274 1518 2323 ἄθλιος,
1545 2273 1791 2325 ταλαίπωρος

338 2342 438 2393 418.
469 2345 520 2397 τῷ
544 2340 612 2400 σε]
647 2342 705 2383 διὸ
728 2342 773 2393 δή
796 2358 843 2383 σε
1018 2353 1116 2393 424.
1148 2338 1300 2398 χθιζὸς]
1334 2343 1397 2382 διὰ
1419 2343 1484 2392 τῆς
1503 2340 1599 2394 χθές

337 2410 436 2461 426.
471 2411 567 2453 Διὸς
588 2408 697 2468 ποτί]
730 2411 827 2463 πρὸς
847 2410 893 2450 τὸ
914 2412 983 2450 τοῦ
1006 2411 1102 2453 Διός

338 2490 438 2531 427.
470 2477 730 2536 γουνάσομαι]
764 2478 986 2520 λιτανεύσω

337 2561 435 2602 430.
468 2546 667 2605 ἀπηύρων]
702 2549 919 2600 ἀφείλαντο
947 2546 1169 2600 (ἀφήλαντο
1190 2547 1260 2599 Α).
1299 2545 1370 2586 Sic
1394 2545 1534 2597 ἐξείλω
1554 2545 1607 2587 ad
1628 2561 1667 2587 v.
1689 2559 1787 2598 401.
1838 2563 1889 2603 35

339 2630 437 2671 433.
471 2614 595 2673 ἱστία]
629 2616 672 2657 τὸ
695 2617 861 2669 ἄρμενον
1035 2628 1134 2669 434.
1169 2613 1298 2673 ἰστὸν]
1332 2615 1544 2668 ἡκατάρτη

340 2682 612 2741 προτόνοισιν]
646 2689 726 2728 τοῖς
746 2683 1048 2737 προτεταμένοις
1070 2682 1206 2727 κάλοις

340 2750 522 2810 ὑφέντες]
553 2752 819 2808 χαλάσαντες]

341 2834 438 2875 435.
473 2818 667 2878 ἐρετμοῖς]
700 2825 783 2864 ταῖς
803 2822 947 2863 κώπαις
1121 2820 1219 2875 436.
1252 2818 1383 2878 εὐνάς]
1408 2821 1456 2862 τὰ
1479 2822 1620 2873 σίδηρα

340 2902 437 2940 444.
469 2887 596 2946 ῥέξαι]
631 2890 868 2940 ἐπιτελέσαι,
893 2892 1010 2930 θῦσαι
1835 2910 1887 2945 40

265 2956 268 2959 ¹
343 2969 439 3010 447.
473 2955 650 3015 κλειτὴν]
681 2956 838 3009 ἔνδοξον
1011 2960 1109 3010 448.
1145 2955 1290 3014 ἑξείης]
1313 2957 1456 3010 ἐφεξῆς
