1974 3305
237 138 321 177 386
843 133 1152 174 ADDENDA.

303 250 394 292 149.
425 248 487 290 17.
513 237 565 277 In
587 240 730 277 annot.
754 236 910 276 excidit
932 235 1150 276 asteriscus
1170 238 1267 275 ante
1287 236 1486 288 ἡγεμόνες.

301 316 393 358 152.
433 306 470 346 6.
503 306 657 358 γένοιτο
701 302 789 361 οὖν]
832 305 969 344 Immo
1000 303 1143 356 γένοιτ’
1177 303 1225 344 ἂν
1256 305 1337 344 οὖν.
1396 302 1464 343 Sic
1493 318 1532 356 p.
1569 304 1661 353 206,
1697 316 1765 355 24.

239 375 336 426 φαίη
352 391 409 417 τις
429 388 502 428 pro
519 375 617 427 φαίη
635 391 690 416 τις
713 373 773 422 ἄν,
800 372 1006 426 frequenti
1028 371 1289 412 librariorum
1311 371 1450 425 potius
1471 386 1595 425 quam
1619 371 1767 412 scholi-

238 446 421 483 astarum
443 457 587 483 errore.

301 523 393 566 152.
419 522 485 564 27.
521 511 690 563 δεύτεροι
720 507 954 566 μέλλοντες]
994 509 1121 549 Recte
1159 509 1357 550 Lehrsius
1394 510 1563 561 δεύτεροι
1594 509 1769 561 ἀόριστοι

239 579 300 619 καὶ
322 577 552 630 μέλλοντες.

301 655 393 702 153.
419 647 455 687 8.
490 644 754 702 ἀναστρέφει]
780 646 846 686 οὐκ
869 646 1109 698 ἀναστρέφει
1133 646 1330 686 Lehrsius
1354 647 1524 686 Quaest.
1544 646 1620 699 Ep.
1639 660 1679 698 p.
1700 647 1767 686 81.

300 726 391 770 153.
417 716 480 755 18.
508 718 587 756 τοῖς
611 715 880 764 Πολεμωνίοις
899 713 922 765 ἢ
944 718 1025 756 τοῖς
1056 712 1268 770 κυκλικοῖς]
1299 714 1363 754 De
1383 714 1450 755 his
1470 714 1605 755 verbis
1625 713 1766 767 longa,

238 783 306 823 sed
328 797 474 836 parum
496 782 722 836 probabilis
744 785 807 822 est
828 782 1037 822 Welekeri
1058 782 1285 836 disputatio
1307 782 1387 823 vol.
1417 796 1431 822 1
1459 798 1498 836 p.
1521 793 1575 836 52
1598 797 1682 836 sqq.

300 860 392 904 155.
418 864 483 893 21.
519 851 581 891 De
611 850 689 891 hoc
717 849 870 891 scholio
902 850 1009 890 dixit.
1041 850 1273 890 Lobeckius
1308 851 1527 905 Patholog.
1563 850 1642 891 vol.
1667 863 1690 891 2
1724 865 1763 904 p.

239 919 305 969 98.

299 987 389 1029 160.
415 1000 481 1038 24.
525 988 577 1027 In
600 991 741 1028 annot.
764 1003 837 1041 pro
862 993 883 1009 ‘⁶
900 988 988 1027 fuso
1005 986 1026 1003 ’'
1050 986 1209 1041 corrige
1232 993 1258 1010 “
1273 987 1373 1028 falso
1391 987 1411 1003 ⁷'

299 1056 392 1096 161.
417 1069 482 1097 21.
523 1057 575 1096 In
597 1060 739 1097 annot.
761 1071 834 1109 pro
862 1056 1087 1108 ἐξείρρυσσε
1109 1055 1268 1109 corrige
1291 1056 1507 1108 ἐξείρυσσε.

298 1124 390 1179 163.
415 1134 451 1177 7.
485 1123 677 1181 πέφυκεν]
704 1125 891 1165 Fortasse
914 1125 1101 1177 πέφηνεν.

300 1194 392 1245 178.
419 1194 484 1234 28.
518 1194 569 1234 In
601 1198 721 1234 textu
752 1194 910 1247 corrige
942 1197 986 1249 τῇ
1019 1194 1112 1250 ὀρθῇ
1134 1208 1207 1247 pro
1230 1194 1252 1244 ἡ
1276 1193 1370 1245 ὀρθή
1391 1197 1432 1233 et
1454 1193 1557 1233 adde
1589 1195 1765 1232 annota-

236 1261 392 1302 tionem
427 1262 477 1303 28
511 1264 556 1318 τῇ
589 1263 683 1318 ὀρθῇ
715 1262 754 1315 (ἡ
784 1262 877 1314 ὀρθή
901 1259 1040 1318 Vill.)]
1066 1261 1149 1302 Le.
1175 1264 1315 1315 χρῆται
1337 1262 1381 1314 τῇ
1405 1262 1509 1312 ὀρθῇ,
1531 1264 1579 1300 ut
1601 1275 1640 1313 p.
1671 1259 1766 1308 188,

242 1343 305 1381 14.
331 1330 426 1385 348,
453 1331 516 1371 28.
543 1330 638 1385 360,
667 1344 701 1371 1.
727 1330 821 1385 378,
846 1331 885 1371 6.

299 1399 391 1450 184.
418 1412 481 1451 14.
515 1401 663 1448 ἵκηται;
697 1403 810 1440 τοῦτο
842 1399 885 1439 τὸ
916 1397 1106 1456 ῥῆμα-]ι
1122 1399 1175 1438 In
1196 1398 1236 1438 A
1268 1401 1342 1447 est,
1376 1396 1621 1450 interposito
1651 1396 1765 1450 glos-

239 1473 404 1519 semate,
427 1469 531 1510 πολὺ
552 1469 765 1521 φέρτερον;
801 1471 896 1510 κατὰ
918 1470 1019 1510 πολὺ
1041 1473 1226 1521 κρεῖττον.
1271 1471 1384 1507 τοῦτο
1406 1467 1449 1507 τὸ
1470 1468 1571 1519 ῥῆμα
1583 1491 1650 1508 ——.

302 1538 392 1589 184.
417 1552 484 1593 30.
524 1538 575 1578 In
597 1542 740 1579 annot.
764 1537 922 1592 corrige
945 1552 994 1588 41
1021 1552 1095 1592 pro
1121 1552 1158 1588 4.

302 1606 394 1647 188.
423 1619 485 1656 14.
520 1608 578 1646 ὅτι
601 1607 645 1661 τῇ
668 1609 801 1662 γενικῇ
835 1607 921 1646 ἀντὶ
955 1609 1018 1656 τῆς
1050 1603 1282 1661 αἰτιατικῆς]
1318 1603 1585 1657 Intelligitur
1615 1605 1767 1656 χρῆται.

241 1674 446 1715 Similiter
462 1690 502 1728 p.
521 1688 617 1730 343,
638 1674 690 1715 28
709 1676 767 1715 ὅτι
788 1675 840 1729 τῷ
863 1674 1129 1727 ἀπαρεμφάτῳ
1153 1674 1236 1714 ἀντὶ
1256 1676 1324 1712 τοῦ
1347 1678 1643 1723 προσ-τακτικοῦ.
1668 1670 1768 1725 360,

242 1757 258 1783 Ι
287 1745 344 1783 ὅτι
374 1745 426 1798 τῷ
458 1744 660 1794 ἐπείγετον
691 1743 872 1797 ὁριστικῷ
906 1743 990 1782 ἀντὶ
1022 1743 1287 1782 ὑποτακτικοῦ.
1322 1740 1419 1794 378,
1444 1740 1468 1778 6
1496 1741 1555 1779 ὅτι
1578 1739 1769 1794 αἰτιατικῇ

239 1812 325 1851 ἀντὶ
366 1814 432 1861 τῆς
470 1813 636 1862 γενικῆς.
704 1810 829 1850 Plura
868 1809 1055 1863 exempla
1094 1808 1217 1849 attuli
1260 1808 1303 1847 in
1347 1812 1488 1848 annot..
1523 1807 1576 1848 ad
1617 1806 1770 1848 scholia

241 1878 449 1932 Odysseae
471 1878 550 1918 vol.
579 1892 593 1918 1
622 1893 660 1931 p.
687 1890 766 1930 207
791 1882 832 1918 et
856 1891 949 1932 232.

301 1947 393 1997 189.
419 1959 485 1999 29.
521 1947 582 1987 καὶ
604 1961 683 1987 om.
708 1947 759 1986 A.

304 2016 392 2069 196.
418 2028 484 2056 20.
514 2015 566 2054 In
587 2018 727 2055 annot.
756 2029 829 2068 pro
856 2015 1040 2055 Κυδώναν
1062 2013 1221 2067 corrige
1248 2015 1459 2054 Κυδωνίαν.

297 2096 390 2124 200.
419 2097 484 2137 23.
519 2083 569 2122 In
592 2086 732 2122 annot.
756 2082 916 2135 corrige
939 2083 1049 2125 θεούς
1069 2097 1143 2136 pro
1166 2083 1265 2124 θεός.

298 2165 391 2192 211.
426 2165 491 2193 21.
537 2148 801 2207 ἐκτιθεμένου]
841 2154 1151 2194 συνεσταλκότος
1185 2149 1313 2190 codex
1355 2149 1484 2189 Paris.
1518 2149 1626 2200 2766
1659 2147 1768 2202 apud

238 2220 482 2261 Cramcrum
511 2219 667 2260 Anecd.
691 2220 820 2259 Paris.
843 2219 924 2260 vol.
949 2233 973 2273 3
995 2235 1034 2273 p.
1060 2220 1155 2270 284.

297 2301 392 2340 214.
418 2301 454 2329 2.
488 2288 614 2340 σάρκα
643 2289 691 2330 ὡς
713 2285 834 2344 ἄλκα]
859 2288 963 2328 ἄλκα
995 2289 1045 2331 ὡς
1075 2288 1199 2339 σάρκα
1220 2286 1385 2328 Vclsen.
1410 2286 1459 2327 de
1481 2285 1707 2341 Tryphone
1727 2300 1768 2338 p.

239 2358 306 2411 65.

297 2436 391 2479 215.
416 2435 481 2478 25.
515 2423 663 2482 ὀπάζω]
689 2425 860 2479 Corrige
883 2425 1044 2474 ὀπάζων.

297 2505 392 2548 215.
428 2495 492 2536 26.
533 2494 585 2534 In
606 2498 747 2535 annot.
770 2494 842 2534 lin.
867 2506 889 2534 2
913 2508 986 2547 pro
1011 2500 1032 2516 “
1049 2493 1164 2533 Atho
1181 2493 1202 2509 ’²
1225 2493 1386 2546 corrige
1410 2490 1632 2532 “Atl100.'’

299 2564 393 2604 216.
420 2575 483 2604 22.
517 2561 775 2617 ἀλευάμενος]
800 2562 919 2603 Conf.
942 2561 991 2602 ad
1015 2577 1054 2616 p.
1085 2561 1173 2615 198,
1200 2562 1265 2602 26.

298 2642 393 2685 217.
420 2646 483 2687 13.
516 2633 736 2673 ἐπλεόνασε
767 2633 811 2671 τὸ
842 2629 882 2688 ἑ]
919 2631 986 2671 Sic
1008 2630 1134 2671 etiam
1156 2645 1195 2683 p.
1220 2640 1314 2684 215,
1345 2630 1392 2671 18
1414 2630 1458 2670 τὸ
1483 2629 1528 2680 δὴ
1555 2630 1771 2669 ἐπλεόνασε

240 2701 282 2741 τὸ
308 2705 342 2752 ᾗ.
403 2699 663 2741 probabilius
683 2698 817 2740 videri
838 2703 976 2753 potest
998 2700 1216 2740 ἐπλεόνασε
1244 2698 1427 2754 τῷ-εθᾱ
1458 2701 1617 2738 certum
1649 2711 1768 2738 accu-

240 2769 363 2809 sativi
394 2768 631 2823 exemplum
662 2768 832 2822 praebet
858 2783 896 2821 p.
920 2780 1017 2820 419,
1053 2780 1104 2806 20
1131 2768 1189 2807 ὅτι
1222 2766 1428 2816 πλεονάζει
1456 2768 1499 2806 ἐν
1531 2765 1670 2806 Ἰλιάδι
1700 2768 1768 2807 τὰς

239 2837 495 2890 μεταλήψεις,
529 2839 569 2878 ἐν
604 2827 818 2890 Ὀδυσσείᾳ
853 2838 894 2876 δὲ
930 2834 1045 2886 ἅπαξ.
1107 2835 1264 2875 Contra
1305 2850 1387 2875 non
1430 2834 1567 2874 minus
1607 2837 1765 2874 certum

241 2904 371 2945 dativi
401 2904 637 2958 exemplum
668 2907 731 2945 est
762 2919 800 2957 p.
825 2917 919 2953 221,
945 2917 998 2958 30
1030 2905 1150 2958 τούτῳ
1182 2905 1223 2943 δὲ
1250 2904 1300 2958 τῷ
1334 2903 1410 2944 ἔθει
1442 2904 1683 2944 πεπλεόνακε
1706 2903 1768 2943 καὶ

241 2972 435 3024 Ἀλκμάν.
497 2974 677 3014 Videtur
700 2973 832 3027 igitur
854 2976 1026 3026 utraque
1047 2975 1257 3012 structura
1278 2971 1433 3012 usitata
1455 2971 1593 3011 fuisse.
