1974 3305
725 160 950 199 ΙΛΙΑΔΟΣ
992 162 1037 198 Σ.
1078 160 1091 211 (
1109 157 1188 211 18)
1699 155 1784 196 373

131 266 224 311 145.
243 269 309 309 24.
342 257 432 300 ἀλλ’
454 260 523 312 ὅγε
543 263 666 300 τοῖσιν
686 259 755 310 μέν
1135 268 1172 311 7.
1204 260 1240 299 οἱ
1262 260 1303 299 δὲ
1325 259 1568 310 ἐρύσσασθαι

244 337 311 379 27.
341 329 486 379 Τρώων
506 329 545 377 ἐξ
568 329 728 377 ἐνοπῆς”
1109 337 1172 378 17.
1195 325 1273 378 Ἶρι
1291 328 1374 376 θεὰ,
1391 327 1447 368 τίς
1468 324 1542 378 γάρ
1563 341 1611 365 σε

131 394 224 443 146.
271 405 310 448 5.
341 397 429 436 ἴσον
450 395 570 445 θυμὸν
591 395 749 447 ἔχοντες
1107 407 1158 436 22
1181 398 1224 434 et
1247 394 1313 435 28.
1346 397 1485 434 στεῦτο
1525 395 1600 445 γὰρ
1633 389 1785 441 (Ηφαί-

1248 479 1356 502 στοιο

426 565 469 602 Σ.
514 561 628 615 (18)
995 539 1087 581 157.
1135 543 1173 583 3.
1206 530 1331 570 ἄλλου
1365 531 1399 569 δ’
1428 530 1473 570 οὔ
1504 546 1569 569 τευ
1605 527 1690 568 οῖδα
1719 528 1787 566 τοῦ

1250 597 1314 650 (in
1335 600 1456 637 textu
1477 599 1541 636 esf,
1561 597 1645 648 τεῦ)
1669 594 1719 634 ἄν

133 664 225 714 146.
245 674 311 706 20.
343 664 393 706 ὣς
421 665 458 704 οἱ
486 666 560 715 μὲν
579 665 774 716 μάρναντο
807 665 920 716 δέμας
1110 678 1174 719 13.
1206 664 1297 705 ἀλλ’
1315 666 1437 706 αὕτως
1458 665 1520 705 ἐπὶ
1536 663 1686 715 τάφρον
1707 662 1773 702 ἰών

386 732 502 784 πυρὸς
523 732 744 783 αἰθομένοιο
1112 733 1174 773 16.
1207 733 1324 783 ὤμοις
1347 733 1543 784 ἰφθίμοισι

245 810 311 842 22.
342 800 410 842 τὸν
430 800 465 841 δ’
484 801 569 853 εὗρε
590 801 829 854 προπάροιθε
1110 813 1174 842 20.
1208 802 1248 851 ἐξ
1271 801 1407 842 ἄστεος
1426 798 1545 851 αἰθέρ’
1563 800 1690 847 ἵκηται
1707 811 1786 838 om.

133 878 226 921 147.
274 877 311 920 5.
343 867 516 923 ὀχθήσας
537 868 567 909 δ’
586 870 659 921 ἄρα
681 870 763 911 εἶπε
1112 878 1176 921 25.
1210 870 1259 911 ὡς
1280 868 1314 910 δ’
1331 871 1395 909 ὅτε
1417 869 1559 910 καπνός

133 936 226 987 148.
248 949 312 977 10.
344 937 373 977 ὤ
393 954 470 987 μοι,
495 937 652 988 Πηλέος
672 938 731 978 υἱέ
1108 951 1176 992 33.
1208 938 1405 989 πυρσοίτε
1422 935 1686 988 φλεγέθουσιν
1700 932 1789 985 ἐπή·

247 1005 312 1045 16.
343 1008 504 1056 γυμνοῦ,
527 1006 621 1056 ἀτὰρ
642 1005 738 1057 τάγε
1253 1022 1377 1057 τριμοι

134 1084 227 1126 149.
248 1085 312 1123 14.
343 1071 422 1114 ἔνθ’
439 1072 495 1123 ἄρ’
515 1073 583 1122 ἔην
599 1075 752 1123 Γλαύκη
768 1090 809 1113 τε
999 1074 1091 1125 158.
1115 1088 1129 1113 1
1144 1087 1176 1113 1.
1210 1075 1258 1117 ὡς
1281 1073 1313 1113 δ’
1331 1073 1387 1114 ὅτ’
1404 1071 1561 1124 ἀριζήλη
1581 1070 1694 1123 φωνή

247 1154 312 1184 21.
344 1141 421 1182 ἔνθ’
437 1141 497 1193 ἄρ’
515 1142 581 1191 ἔην
1115 1152 1178 1193 17.
1210 1144 1246 1182 οἱ
1268 1142 1300 1182 δ’
1319 1143 1368 1184 ὡς
1390 1142 1455 1181 οὖν
1477 1141 1562 1180 ἄϊον
1583 1140 1661 1179 ὄπα

136 1219 229 1263 150.
250 1223 314 1251 11.
346 1211 476 1250 οἴκαδε
500 1209 747 1260 νοστήσαντα
1112 1222 1178 1251 22.
1211 1210 1304 1250 ἔνθα
1345 1211 1387 1250 δὲ
1431 1209 1492 1250 καὶ
1533 1206 1610 1248 τότ’
1648 1207 1790 1246 ὄλοντο

249 1291 313 1329 14.
346 1277 436 1319 ἀλλ’
455 1278 526 1329 εἶμ’
1255 1279 1429 1318 δυώδεκα

247 1356 312 1398 17.
344 1346 422 1387 ἀπὸ
444 1346 655 1398 πτολέμοιο
675 1347 842 1397 μένοντα
1113 1347 1178 1388 26.
1211 1346 1304 1386 ἔνθα
1324 1347 1367 1386 δὲ
1391 1346 1451 1386 καὶ
1470 1343 1548 1384 τότ’

249 1413 316 1456 28.
348 1414 467 1465 ἀκτὴν
491 1415 764 1466 εἰσανέβαινον
1108 1428 1178 1469 33.
1210 1414 1342 1464 ἠέλιον
1364 1413 1396 1454 δ’
1415 1413 1615 1464 ἀκάμαντα

247 1495 315 1537 31.
347 1482 535 1533 ἀλήμεναι
555 1482 826 1536 υἷαςἈχαιῶν
1001 1493 1094 1535 159.
1119 1495 1180 1524 12.
1214 1485 1339 1534 ὀρθῶν
1361 1481 1390 1523 δ’
1411 1483 1608 1522 ἑσταότων

137 1560 230 1605 151.
276 1564 316 1601 4.
347 1551 510 1591 παθέειν
531 1550 561 1590 τ’
580 1550 742 1601 ἀεκήλια
764 1551 858 1603 ἔργα
1118 1564 1181 1599 14.
1214 1551 1368 1600 ἕζεσθαι
1390 1549 1536 1591 πάντας
1616 1565 1618 1581 ¹

279 1618 317 1660 8.
350 1622 418 1659 σεῦ
440 1618 733 1669 ἐπιδευομένους
1118 1619 1180 1658 16.
1213 1620 1381 1670 ἐξεφάνη

253 1696 316 1739 15.
348 1689 416 1727 νῦν
436 1686 466 1726 δ’
486 1688 548 1726 ἵνα
569 1687 630 1726 καὶ
653 1687 716 1726 σοὶ
741 1686 881 1728 πένθος
1116 1699 1181 1728 20.
1217 1688 1447 1736 Πανθοίδης·
1481 1687 1500 1725 ὁ
1522 1687 1596 1737 γὰρ
1618 1684 1699 1726 οἶος

251 1768 317 1798 21.
349 1759 499 1807 πρῶτος
521 1755 599 1810 ἐμῷ
619 1754 695 1794 ὑπὸ
717 1756 826 1807 δουρί
1115 1769 1182 1810 30.
1209 1754 1369 1806 ‘'Em-osu
1392 1756 1425 1794 δ’
1442 1754 1509 1804 ἦεν
1532 1755 1681 1804 ἑταῖρος

248 1837 316 1879 31.
349 1825 454 1875 ἐμεῖο
476 1825 516 1864 δὲ
538 1825 656 1873 δῆσεν
677 1823 770 1874 ἀρῆς
1004 1824 1096 1864 160.
1148 1837 1183 1863 1.
1216 1822 1437 1876 ἀγορήσατο
1459 1822 1522 1862 καὶ
1542 1821 1744 1872 μετέειπεν

138 1900 231 1945 152.
252 1905 316 1933 12.
349 1895 418 1933 νῦν
438 1890 472 1931 δ’
488 1891 571 1932 ἐπεὶ
592 1892 636 1931 οὐ
658 1890 796 1940 νέομαί
813 1907 857 1942 γε
1140 1906 1179 1947 3.
1212 1892 1311 1942 ἀμφὶ
1332 1890 1440 1941 μάλα
1459 1889 1654 1943 φράζεσθε
1674 1889 1787 1941 φίλοι

252 1968 319 2012 25.
349 1963 453 2001 τοῖος
474 1960 549 1999 ἐὼν
1146 1960 1183 2000 8.
1216 1961 1345 2011 τόφρα
1366 1961 1406 1999 δὲ
1427 1958 1594 2011 ῥηΐτεροι

254 2037 320 2080 27.
353 2028 403 2070 ὡς
425 2027 503 2079 ἔρις
525 2027 566 2068 ἔκ
588 2044 631 2068 τε
652 2029 753 2067 θεῶν
1121 2041 1135 2067 1
1150 2041 1183 2067 1.
1217 2028 1418 2068 δατέονται
1442 2028 1483 2067 ἐν
1502 2026 1608 2080 μέσῳ
1627 2025 1796 2076 ἀμφότε-

253 2109 320 2151 32.
352 2097 393 2138 ὅς
413 2113 472 2136 τοι
493 2095 596 2136 πολὺ
616 2095 786 2147 γλυκίων
1258 2112 1318 2146 ροι

141 2173 234 2220 153.
284 2178 319 2205 1.
351 2165 501 2216 ἀνδρῶν
550 2162 582 2203 δ’
623 2164 666 2204 ἐν
717 2162 932 2213 στήθεσσιν
1122 2175 1184 2213 14.
1218 2164 1324 2203 ἀλλὰ
1351 2163 1436 2214 περὶ
1467 2162 1627 2203 πτόλιός
1652 2176 1694 2200 τε
1723 2176 1796 2210 μα·

397 2231 552 2283 ἀέξεται
573 2230 666 2282 ἠΰτε
688 2232 832 2272 καπνός
1256 2230 1422 2285 χήσεται

281 2314 321 2354 9.
352 2300 474 2351 θυμὸν
496 2300 552 2341 ἐνὶ
574 2299 765 2350 στήθεσσι
786 2300 907 2349 φίλον
1123 2308 1186 2349 19.
1219 2298 1352 2348 αὔριον
1373 2297 1553 2348 ὁρμηθείς

256 2383 321 2425 13.
354 2369 416 2410 καὶ
437 2369 559 2422 χόλος
581 2369 622 2410 ὅς
643 2366 675 2406 τ’
693 2366 833 2419 ἐφέηκε
1121 2377 1188 2406 22.
1221 2366 1263 2407 ὅς
1285 2381 1325 2404 κε
1351 2365 1457 2419 φύγῃ

143 2447 237 2492 154.
259 2451 323 2480 10.
356 2438 420 2479 ναὶ
441 2437 486 2488 δὴ
509 2436 630 2477 ταῦτά
651 2453 696 2488 γε
717 2434 842 2476 πάντα
1120 2446 1186 2483 24.
1217 2432 1362 2484 Τρώων
1383 2431 1422 2471 αἲ
1442 2434 1517 2484 γὰρ
1539 2430 1584 2480 δή
1604 2446 1671 2480 μοι

255 2507 322 2548 26.
352 2507 477 2558 ἠῶθεν
497 2508 572 2559 γὰρ
593 2509 728 2555 νεῦμαι
1121 2511 1187 2553 27.
1220 2502 1253 2541 εἰ
1275 2499 1305 2540 δ’
1325 2499 1372 2540 ἂν
1393 2501 1496 2548 ἐμοῖς
1519 2497 1680 2539 ἐπέεσσι

257 2587 325 2628 29.
355 2576 464 2625 ὑμεῖς
483 2576 556 2625 μὲν
578 2577 646 2615 νῦν
666 2575 754 2613 δῦτε
1120 2582 1186 2621 29.
1218 2569 1334 2610 νύκτα
1354 2568 1428 2618 μὲν
1450 2568 1506 2608 εἰν
1528 2566 1651 2618 ἀγορῇ

255 2655 323 2698 30.
355 2643 422 2682 καί
439 2643 477 2682 οἱ
496 2640 605 2682 πάντ’
624 2637 858 2693 ἀγορεύσατ’
1120 2651 1187 2693 33.
1220 2637 1337 2677 νύκτα
1357 2637 1429 2686 μὲν
1452 2636 1510 2675 εἰν
1532 2634 1653 2688 ἀγορῇ

258 2722 326 2765 32.
358 2711 401 2750 αἵ
419 2709 450 2751 κ’
469 2709 629 2765 ἐθέλῃσι
648 2711 727 2749 υἱεῖ
743 2708 821 2762 ε’μῷ
1010 2707 1103 2747 161.
1153 2718 1188 2745 1.
1220 2704 1407 2745 παντοίου
1428 2703 1569 2754 δρόμου
1590 2702 1684 2741 ἆσαι

147 2786 240 2832 155.
283 2792 322 2833 3.
353 2778 422 2829 τὴν
460 2780 532 2829 μὲν
575 2776 636 2829 ἄρ’
677 2775 937 2826 Οὔλυμπονδὲ
1149 2784 1189 2821 4.
1221 2769 1311 2810 οὐδέ
1330 2768 1415 2808 ποτ)
1433 2767 1617 2817 ἐκπέρσαι

405 2847 517 2889 πόδες
539 2846 660 2899 φέρον
1154 2852 1192 2891 9.
1225 2837 1274 2878 σὺ
1295 2837 1366 2887 μὲν
1387 2834 1507 2875 οὐκέτ’
1525 2835 1614 2884 ἐμοί

260 2928 328 2970 23,
358 2915 566 2956 πεινάοντα
587 2915 739 2955 δίεσθαι
1127 2920 1143 2946 1
1157 2920 1191 2947 1.
1223 2905 1265 2948 ὃς
1288 2904 1420 2945 κέλεαι
1442 2905 1535 2944 κατὰ
1555 2903 1653 2943 ἄστυ

147 2984 241 3039 156.
288 2996 326 3026 2.
359 2984 578 3038 Πατρόκλῳ
600 2982 793 3033 ἐπάμυνον
1129 2975 1193 3015 16.
1225 2975 1357 3014 πολλὰ
1377 2973 1419 3013 δὲ
1440 2971 1485 3022 δὴ
1506 2971 1679 3024 Φρυγίην
