1974 3305
181 123 263 164 372

186 232 278 272 128.
325 244 364 284 5.

782 137 1006 174 ΙΛΙΑΔΟΣ

390 233 550 287 “Em-op,
573 240 640 277 νῦν
661 237 710 277 σὺ
730 237 802 287 μὲν
823 235 896 276 ὧδε

296 302 359 341 16.
393 302 623 354 Πάτροκλον
644 303 674 345 δ’
694 304 735 347 ὃς
753 308 872 344 κεῖται

302 381 365 421 19.

298 436 350 477 28

299 516 365 556 29.

298 652 367 693 31.

188 718 280 758 129.
330 718 367 758 7.

302 787 366 827 19.

299 854 366 883 22.

295 920 363 961 25,

298 990 366 1032 32.

188 1058 280 1099 130.
328 1045 366 1086 8.

399 371 432 409 εἰ
454 370 496 410 δέ
516 387 581 412 κεν
591 370 752 422 ‘'Ex-rope
767 375 908 422 μοῦνος

396 440 532 488 Τρῶας
553 439 690 480 ἐνθάδε
711 438 857 481 πάντας

399 504 534 546 ὁππότ’
546 506 642 558 ἀνὴρ
656 507 773 561 ἐθέλῃ
787 506 882 558 πρὸς
895 507 975 546 δαί-

438 589 541 623 μονα
562 575 662 625 φωτὶ
682 574 881 627 μάχεσθαι

399 640 537 681 ὁππότ’
554 641 647 693 ἀνήρ

401 707 445 749 ὃν
467 709 528 748 καὶ
550 709 636 751 θεὸς
656 711 746 763 τιμᾷ

400 777 770 827 ἐντροπαλιζόμενος
796 778 896 818 ὥστε
916 781 978 820 λῖς

399 842 475 882 ἀπὸ
497 847 670 895 σταθμοῦ
693 846 848 885 δίωνται

397 915 616 965 παχνοῦται
637 913 761 953 ἀέκων
782 914 824 953 δέ
843 929 885 954 τε

399 980 624 1030 σπεύσομεν

399 1046 487 1100 ἕλχ’
505 1047 553 1088 ἵν’
569 1047 634 1089 ἀπ’
654 1049 788 1100 ὤμοιιν

188 1126 280 1167 131.
331 1127 366 1154 1.
397 1113 426 1168 ᾧ
447 1115 496 1167 ῥά
517 1132 558 1157 τε
579 1115 685 1166 νήπι’
702 1117 836 1169 ἄγοντι

328 1195 365 1236 3.
398 1182 552 1233 ἑστήκει
573 1184 623 1225 ὥς
644 1186 700 1227 τίς
720 1202 763 1225 τε
784 1185 886 1226 λέων

299 1261 366 1290 20.
399 1252 476 1290 πᾶν
497 1251 540 1291 δέ
560 1255 592 1291 τ’
610 1254 834 1293 ἐπισκύνιον

299 1329 367 1367 24.
399 1318 554 1360 ἕλκεται
575 1321 674 1361 ὅσσε
696 1320 887 1374 καλυᾞων

302 1395 368 1437 27.
396 1383 542 1439 “Exrop
563 1387 662 1429 εἶδος
684 1388 818 1440 ἄριστε

190 1464 282 1506 132.
333 1466 368 1493 1.
400 1453 424 1503 ἦ
447 1454 485 1493 σ’
503 1455 618 1499 αὐτὸς
640 1456 753 1498 κλέος
776 1457 921 1497 ἐσθλόν

330 1521 368 1562 8.
400 1522 554 1575 σχέτλι’

328 1601 367 1641 9.
401 1589 588 1633 κάλλιπες

304 1669 369 1697 12.
402 1658 495 1705 ζωὸς
517 1660 590 1699 ἐών

305 1737 369 1776 19.
401 1727 452 1779 τῷ
475 1728 542 1766 νῦν
564 1728 601 1767 εἴ
617 1743 673 1769 τις
695 1727 780 1777 ἐμοὶ
795 1731 951 1769 Λυκίων

304 1804 371 1841 24.
403 1791 520 1833 οἴκαδ’
539 1795 625 1844 ἴμεν
645 1797 765 1850 Τροίῃ
788 1798 828 1836 δὲ
855 1796 979 1848 πεφή-

445 1877 556 1901 σεται

304 1939 370 1980 29.
402 1928 569 1969 λύσειαν
590 1931 657 1969 καί
675 1930 707 1970 κ’
725 1931 842 1972 αὐτόν

192 2007 284 2048 133.
336 2008 371 2035 1.
405 1996 470 2035 καί
488 1995 519 2035 κ’
538 1997 655 2037 αὐτὸν
677 1998 866 2050 ἀγοίμεθα

308 2072 371 2113 15.

304 2142 371 2179 24.

303 2198 369 2237 28.

303 2277 370 2319 32.

193 2345 283 2386 134-
331 2342 371 2383 5·

307 2481 322 2507 I
336 2482 370 2509 I.

304 2549 368 2577 20.

305 2618 370 2646 22.

362 2706 369 2713 .
402 2675 426 2713 ἇ
449 2674 544 2715 δειλ’

363 2774 370 2781 .
403 2743 426 2782 ἆ
449 2742 558 2794 δεῖλ’,
581 2744 670 2785 οὐδέ
688 2762 724 2785 τι
745 2763 804 2786 τοι

332 2752 356 2847 0001

404 2065 472 2103 νῦν
493 2064 534 2103 δὲ
556 2068 625 2104 σεῦ
647 2064 854 2115 ὠνοσάμην

402 2131 555 2181 ῥηϊδίως
576 2133 640 2173 ὅτε
664 2132 697 2171 δ’
716 2133 832 2176 αὐτός

403 2200 502 2237 καλὰ
523 2201 569 2238 τὰ
591 2203 839 2251 Πατρόκλοιο
858 2204 952 2253 βίην

404 2269 505 2306 καλὰ
525 2269 571 2306 τὰ
593 2270 841 2320 Πατρόκλοιο

404 2333 511 2383 δηΐου
536 2335 577 2375 ἐκ
602 2337 792 2386 πολέμοιο
821 2338 920 2380 θέων
946 2338 979 2378 δ’

447 2403 628 2455 ἐκίχανεν
651 2405 823 2456 ἑταίρους

402 2471 495 2510 ποσὶ
518 2476 738 2523 κραιπνοῖσι
759 2475 970 2523 μετασπὼν

401 2540 534 2590 γηρᾶς,
557 2540 648 2579 ἀλλ’
666 2541 737 2593 οὐχ
759 2543 840 2584 υἱός

403 2607 427 2645 ἆ
448 2606 545 2646 δείλ’
563 2607 652 2648 οὐδέ
671 2626 708 2648 τι
729 2626 788 2649 τοι

363 2842 369 2849 .
402 2810 445 2852 ὃς
466 2811 511 2861 δή
533 2828 590 2851 τοι
612 2814 758 2865 σχεδὸν
779 2814 862 2854 ἔστι

363 2909 370 2916 .
402 2881 468 2918 τοῦ
483 2879 527 2928 δὴ
543 2879 694 2930 ἕταιρον
710 2881 799 2934 (sie)
815 2883 981 2934 ἔπεφνες

447 2946 557 2995 ἐνηέα
579 2963 619 2986 τε

1047 137 1087 174 P.
1136 133 1246 185 (17)

1164 247 1227 283 14.

1161 313 1228 342 20.

1161 382 1229 411 22.

1161 446 1226 490 25.

1049 574 1142 627 136.
1190 585 1228 614 2.

1165 653 1228 680 10.

1164 707 1229 748 18.

1163 856 1229 885 20.

1163 992 1230 1029 24.

1163 1058 1230 1098 27.

1051 1125 1143 1170 137.
1194 1129 1228 1155 L

1190 1197 1228 1237 3.

1166 1264 1229 1291 10.

1166 1331 1230 1371 19.

1164 1467 1231 1496 22.

1164 1592 1231 1633 26.

1163 1671 1231 1714 32.

1053 1726 1145 1781 138.
1194 1738 1231 1778 7.

1168 1808 1231 1834 IL

1168 1875 1233 1915 19.

1165 1943 1233 1985 23.

1054 2011 1233 2052 140.32.

1054 2080 1146 2116 141.
1194 2080 1234 2116 4.

1195 2145 1232 2186 7.

1195 2215 1233 2255 9.

1168 2284 1231 2321 14.

1165 2351 1232 2393 23.

1053 2419 1230 2460 143.19.

1165 2552 1230 2595 25.

1165 2622 1231 2662 27.

1054 2692 1145 2728 144.
1193 2692 1230 2732 3.

1192 2756 1230 2798 5.

1194 2825 1231 2865 7.

1195 2894 1232 2933 9.

1172 2962 1234 3004 13.

1260 234 1403 287 τεύχεα
1424 233 1456 273 δ’
1471 234 1516 274 οὗ
1538 235 1635 274 κατὰ
1656 233 1803 283 κόσμον

1260 300 1411 351 δέξεται
1434 299 1682 354 Ἀνδρομάχη

1261 370 1386 412 δεινὸς
1400 369 1609 411 Ἐνυάλιος

1260 437 1467 478 ἰνδάλλετο
1507 437 1551 477 δέ
1585 442 1704 489 σφισι
1743 438 1841 477 πᾶσι

1303 506 1464 558 τεύχεσι

1260 573 1426 624 ὤτρυνεν
1448 575 1488 613 δὲ
1511 573 1678 613 ἕκαστον

1261 641 1415 691 Φόρκυν
1435 657 1477 681 τε
1499 641 1673 692 Χρομίον
1693 655 1735 680 τε

1260 707 1512 760 προφρονέως
1541 708 1699 759 ῥύοισθε
1727 710 1842 759 φιλο-

1300 775 1505 826 πτολέμων
1524 774 1585 816 ὑπ’
1605 773 1779 828 Ἀχαιῶν

1260 844 1309 884 τὰ
1334 843 1512 895 φρονέων
1537 843 1695 895 δώροισι
1727 858 1841 882 κατα-

1305 912 1434 964 τρύχω

1261 979 1312 1034 τῷ
1336 996 1394 1021 τις
1415 983 1485 1020 νῦν
1507 979 1587 1020 ἰθύς

1262 1048 1285 1098 ἡ
1304 1048 1379 1099 γὰρ
1400 1046 1572 1098 πολέμου
1593 1046 1774 1098 ὀαριστύς

1259 1115 1376 1166 ἥμισυ
1398 1118 1473 1155 τῶν
1493 1114 1641 1167 ἐνάρων

1262 1185 1298 1223 οἱ
1315 1181 1345 1222 δ’
1357 1184 1438 1224 ἰθὺς
1452 1186 1621 1223 Δαναῶν
1633 1183 1842 1233 βρίσαντες

1261 1252 1350 1291 οὔτε
1371 1251 1490 1291 τόσον
1512 1249 1645 1293 νέκυος

1262 1317 1351 1359 ἀλλ’
1376 1317 1436 1370 ἄγ’
1461 1319 1647 1370 ἀριστῆας
1672 1321 1843 1359 Δαναῶν

1307 1386 1418 1427 κάλει
1437 1386 1487 1436 ἤν
1507 1403 1564 1428 τις
1585 1387 1731 1441 ἀκούσῃ

1264 1456 1305 1495 οἵ
1321 1471 1365 1496 τε
1389 1453 1479 1506 παρ’
1501 1456 1699 1510 Ἀτρείδῃς
1721 1453 1843 1507 Ἀγα-

1306 1523 1466 1574 με’μνονι

1264 1591 1380 1642 δήμια
1400 1593 1581 1632 πίνουσιν

1264 1659 1499 1710 Πάτροκλον
1519 1662 1679 1716 Τρωῇσι
1700 1661 1814 1701 κυσίν

1263 1728 1313 1769 ὡς
1336 1726 1366 1767 δ’
1386 1726 1442 1767 ὅτ’
1460 1727 1522 1767 ἐπὶ
1543 1728 1736 1781 προχοῇσι

1262 1795 1388 1845 ἠϊόνες
1408 1797 1582 1846 βοόωσιν

1264 1863 1489 1918 λαμπρῇσιν
1510 1864 1742 1915 κορύθεσσιν

1264 1932 1436 1980 μίσησεν
1457 1929 1487 1970 δ’
1506 1931 1581 1982 ἄρα
1601 1949 1667 1981 μιν

1258 1997 1432 2049 Ἕκτορα
1453 1997 1483 2038 δ’
1503 2000 1668 2051 ἐγγύθεν

1266 2066 1465 2118 μαλθακὸς
1486 2067 1675 2120 αἰχμητής

1264 2135 1488 2185 μαρμαρέην
1501 2133 1612 2183 Ἴδην
1633 2136 1676 2175 δέ

1266 2203 1476 2255 ἀστράψας
1498 2205 1540 2243 δὲ
1559 2203 1668 2253 μάλα

1264 2271 1379 2322 ἄκρον
1400 2272 1607 2323 ἐπιλίγδην

1265 2340 1306 2379 ἐν
1328 2339 1458 2394 καυλῷ
1481 2338 1511 2379 δ’
1531 2339 1628 2391 ἐάγη

1264 2407 1362 2448 Ζεὺς
1384 2408 1448 2447 ὅτε
1471 2407 1515 2457 δὴ
1535 2408 1719 2459 Τρώεσσι
1740 2408 1845 2449 δίδου

1307 2475 1518 2527 ἑτεραλκέα
1540 2477 1649 2527 νίκην

1264 2543 1459 2596 σχήσεσθ’
1480 2542 1569 2584 ἀλλ’
1594 2545 1636 2584 ἐν
1656 2546 1772 2595 νηυσί

1264 2609 1352 2651 ἀλλ’
1371 2612 1415 2651 οὔ
1436 2628 1488 2667 πῃ
1509 2612 1672 2662 δύναμαι

1264 2679 1329 2720 δὸς
1350 2678 1385 2718 δ’
1407 2680 1674 2731 ὀφθαλμοῖσιν
1696 2679 1845 2720 ἰδέσθαι

1263 2746 1332 2787 τὸν
1353 2746 1394 2787 δὲ
1415 2747 1539 2799 πατὴρ
1561 2748 1786 2801 ὀλοφύρατο

1264 2815 1398 2855 αὐτίκα
1419 2814 1448 2854 δ’
1466 2815 1560 2867 ἠέρα
1579 2815 1650 2866 μέν

1266 2883 1327 2923 καὶ
1348 2882 1425 2923 τότ’
1449 2882 1506 2934 ἄρ’
1530 2885 1626 2926 Αἴας

1302 2953 1319 2962 ⁶
1366 2950 1375 2967 9
1397 2950 1427 2965 Ἰ
1519 2952 1536 2966 η
1612 2952 1620 2963 ¹
1760 2951 1768 2965 1

1266 2955 1319 3001 βη
1342 2954 1361 2991 δ
1394 2967 1487 2991 ιεναι
1509 2968 1558 2993 ως
1581 2967 1637 2993 τις
1660 2968 1700 2991 τε
1721 2956 1822 2992 λεων
