1974 3305
801 160 1109 202 ADDENDA.
1309 142 1311 145 ’
1630 160 1712 200 387

249 281 344 312 221.
377 281 415 324 3,
438 281 478 319 4.
510 266 630 308 Conf.
652 266 796 320 Etym.
818 264 882 305 M.
904 279 944 317 p.
968 264 1064 318 693,
1089 275 1154 314 30.

251 350 346 380 221.
374 347 438 391 15.
473 336 528 377 In
548 337 690 376 annot.
702 339 786 388 ‘pro
808 338 833 356 ‘⁴
848 330 1059 380 delendo,”
1081 331 1241 385 corrige
1265 336 1287 353 ‘⁶
1301 329 1503 372 delendi.''

252 418 348 447 221.
368 405 433 446 18.
457 405 615 456 ἕκηλοςε
640 401 865 443 δασυντέον·
890 403 994 452 παρὰ
1014 402 1089 452 γὰρ
1111 400 1154 440 τὸ
1178 402 1290 441 εἴκων
1311 397 1485 455 ἐγένετο]
1508 399 1646 449 ἕκηλος
1666 397 1718 438 ab

194 475 297 523 εἴκω,
320 474 364 514 τὸ
385 475 588 526 ὑποχωρῶ,
609 469 816 511 derivavit
839 468 963 518 Orus,
986 472 1034 508 ut
1059 468 1105 508 in
1135 467 1419 522 Etymologici
1440 467 1576 508 codice
1597 466 1721 507 Vossi

196 545 448 583 annotatum
481 542 554 590 est,
590 538 659 580 sed
695 538 737 579 in
774 537 930 578 scholio
966 540 1108 578 nostro
1140 536 1432 592 corrigendum
1465 536 1508 576 τὸ
1545 536 1640 576 ἑκών
1671 549 1722 575 ex

196 610 341 664 Etym.
364 609 428 651 M.

255 687 351 731 225.
389 691 456 733 30.
508 678 531 728 ἡ
563 673 713 732 διπλῆ]
767 674 978 723 Deleatur,
1020 688 1150 727 quum
1189 674 1229 713 A
1275 672 1395 713 solit-a
1446 670 1725 712 inconstantia

196 749 380 790 omittat.
443 747 511 789 Sic
539 746 650 787 idem
672 761 712 799 p.
738 746 831 796 228,
855 758 903 786 21
930 745 1057 785 habet
1078 745 1099 795 ἡ
1122 746 1253 795 διπλῆ,
1278 744 1347 784 sed
1375 742 1537 784 omittit
1558 741 1631 782 lin.
1657 752 1725 791 24,

196 817 270 858 ubi
293 817 345 857 ab
367 816 408 856 V
409 815 599 857 illoisono
620 814 807 855 additam
829 817 903 854 est.

261 898 357 941 234.
381 885 420 926 6.
454 881 605 941 ἐδέετο]
631 883 701 923 Sic
723 883 802 923 hoc
825 881 911 922 loco
933 883 986 931 A,
1013 896 1096 921 non
1129 883 1252 922 ἐδεῖτο
1273 883 1321 920 ut
1343 878 1556 920 Bekkerus
1588 877 1656 919 hic
1685 881 1728 917 et

202 953 303 994 alibi
325 953 396 994 ubi
417 953 458 993 A
478 953 634 1007 pariter
655 951 794 994 ἐδέετο.

259 1032 356 1078 337.
378 1035 418 1074 4.
451 1019 572 1078 ὅληα]
597 1020 769 1074 Corrige
791 1022 899 1070 ἵληαι
922 1022 963 1059 ct
985 1018 1058 1058 lin.
1080 1031 1095 1057 Ι
1109 1031 1124 1057 1
1148 1017 1260 1058 ἐννέα
1281 1031 1354 1070 pro
1377 1016 1494 1067 ἐννήα
1515 1019 1557 1057 et
1576 1015 1649 1056 lin.
1679 1028 1727 1069 13

204 1089 309 1131 adde
324 1089 579 1132 asteriscum.

262 1171 359 1215 239.
383 1158 421 1200 8.
454 1160 576 1211 ἄκρως
597 1158 827 1207 Bekkerus,
849 1158 966 1208 ἄκρου
987 1156 1039 1196 Α.
1102 1153 1409 1208 Corrigendum
1431 1154 1610 1205 ἄκρατον.
1660 1149 1729 1191 Sic

203 1243 244 1283 p.
269 1228 366 1278 288,
387 1241 438 1270 12
461 1228 546 1268 ἔστι
567 1229 607 1268 δὲ
629 1228 796 1279 ἄκρατοι·
819 1227 983 1278 Δώριον.

264 1310 359 1353 239.
386 1310 402 1337 Ι
411 1311 450 1353 3.
481 1298 535 1338 In
557 1296 752 1337 lemmate
773 1294 1059 1336 annotationis
1079 1293 1167 1334 dele
1189 1294 1341 1347 ἔχοντα.

264 1378 360 1417 240.
383 1378 450 1421 31.
483 1366 549 1406 τὸν
578 1366 647 1406 οὐκ
679 1362 847 1420 ἀγαθόν]
882 1364 1010 1404 Recte
1042 1367 1116 1403 τῶν
1147 1363 1214 1402 οὐκ
1245 1363 1402 1414 ἀγαθῶν
1433 1361 1478 1400 in
1505 1358 1661 1400 Townl.
1692 1361 1736 1398 et

210 1434 327 1488 Lips.
389 1433 634 1475 Callimachi
667 1432 789 1473 verba
823 1432 947 1471 fuisse
975 1431 1172 1471 videntur
1194 1434 1335 1482 φωτῶν
1366 1429 1433 1470 οὐκ
1460 1430 1619 1481 ἀγαθῶν
1651 1429 1735 1478 ἐρυ-

205 1505 416 1544 σίπτολιν;
448 1503 498 1543 (10
519 1517 600 1556 quo
622 1501 731 1542 dixit
754 1501 1031 1542 Schneiderus
1052 1501 1103 1540 ad
1130 1498 1377 1540 Callimachi
1398 1497 1448 1538 fr.
1471 1497 1554 1548 462
1577 1512 1617 1551 p.
1640 1497 1736 1550 625.

265 1584 363 1622 241.
387 1579 453 1623 25.
491 1569 544 1611 In
564 1576 706 1611 annot.
729 1569 804 1611 col.
825 1582 862 1611 2.
884 1569 956 1609 lin.
983 1582 1005 1610 2
1027 1565 1233 1624 ἠμεείβεπῗ]
1260 1566 1433 1621 Corrige
1455 1560 1631 1618 ἠμείβεθ.

267 1649 363 1692 255.
386 1652 452 1691 24.
490 1639 540 1679 In
564 1643 704 1679 annot.
727 1653 800 1691 pro
824 1644 845 1660 “
861 1641 930 1690 γῆς
952 1636 1117 1678 πάντα”
1139 1635 1298 1690 corrige
1321 1641 1344 1657 ‘⁶
1359 1638 1434 1687 γῆν
1455 1632 1624 1676 πάντα.”

266 1708 362 1750 260.
385 1722 424 1763 3.
456 1707 759 1758 ἇλλεπάλληλοι
781 1708 846 1747 δύο
869 1705 1010 1762 ὀξεῖαι]
1036 1705 1088 1746 Id
1109 1711 1171 1746 est
1193 1705 1383 1757 γενέσθαί
1398 1721 1454 1744 τε.

269 1778 393 1818 καίτοι
424 1777 682 1817 σπονδειακόν
704 1773 831 1831 ἐστιν]
862 1774 955 1815 Hoc
985 1773 1102 1814 addit
1133 1773 1230 1826 quia
1260 1772 1306 1812 in
1336 1771 1542 1812 trochaeis
1572 1774 1742 1812 ‘tantum

211 1845 291 1888 hoc
310 1848 485 1886 accentu
505 1845 741 1893 utebantur,
765 1843 880 1884 velut
901 1842 1007 1895 ὄφρά
1022 1859 1101 1894 μοι,
1123 1841 1216 1882 ἔνθά
1239 1858 1293 1890 κε,
1316 1840 1405 1881 οὔτέ
1428 1857 1498 1889 τις,
1521 1838 1643 1891 ἄνδρά
1662 1855 1742 1890 μοι,

213 1929 298 1956 non
318 1913 363 1954 in
384 1913 587 1968 spondeis.

275 1982 370 2024 266.
393 1994 431 2035 9.
466 1980 520 2021 In
541 1980 811 2021 annotatione
833 1980 942 2020 inter
964 1980 1129 2019 ἐνταῦθα
1149 1982 1192 2018 et
1215 1978 1277 2018 καὶ
1298 1977 1343 2028 δὴ
1365 1975 1521 2017 excidit
1542 1974 1706 2017 lineola.

275 2050 372 2106 283.
398 2050 436 2091 8.
465 2046 683 2105 Ἡσιόνην]
710 2049 871 2098 ἶσιώνην
892 2048 945 2087 Α.

276 2119 372 2161 286.
402 2131 462 2174 13.
496 2119 517 2158 ὁ
539 2118 772 2171 Ζηνόδοτος]
799 2115 1073 2157 Scribendum
1095 2115 1154 2154 ὅτι
1177 2115 1404 2164 Ζηνόδοτος.

275 2187 371 2230 286.
396 2186 461 2228 18.
492 2190 568 2227 τῶν
595 2183 798 2242 ὃημωδῶν]
829 2184 882 2225 In
902 2184 942 2224 A
963 2187 1026 2224 est
1056 2183 1076 2224 7*-
1109 2169 1221 2234 δημιῖξ,
1251 2181 1360 2235 quod
1387 2181 1456 2232 τὴν
1476 2181 1629 2232 δημώδη
1660 2179 1746 2234 sig·

216 2256 373 2299 nificat.

280 2325 375 2380 289.
399 2337 466 2376 24.
497 2323 827 2377 προσυνίσταται]
849 2321 968 2363 Conf.
991 2320 1041 2362 ad
1062 2336 1102 2374 p.
1127 2319 1222 2374 296,
1248 2319 1287 2358 6.

281 2407 376 2448 292.
400 2406 466 2450 23.
496 2392 698 2434 Versibus
729 2390 958 2446 493—496
990 2392 1188 2443 quattuor
1218 2391 1357 2428 διπλαῖ
1385 2385 1700 2439 περιεστιγμέναι
1725 2399 1749 2425 a

217 2478 275 2504 m.
297 2477 359 2517 pr.
380 2461 592 2517 appositae
623 2464 722 2502 sunt
754 2460 798 2500 in
819 2460 872 2509 A,
895 2458 966 2499 sed
996 2472 1144 2498 manus
1175 2455 1352 2497 secunda
1383 2455 1509 2496 erasit
1539 2453 1746 2503 ultimam,

220 2531 343 2581 male,
363 2533 414 2571 ut
434 2545 485 2571 ex
505 2529 750 2570 scholiastae
770 2526 1037 2568 annotatione
1057 2529 1184 2580 patet.

283 2612 380 2655 293.
401 2607 428 2651 5
450 2602 492 2640 et
515 2598 552 2639 8.
584 2594 747 2654 ἄξεσθε]
772 2596 934 2647 ἄξεσθαι
952 2596 1002 2636 A.

284 2680 380 2721 294.
409 2667 464 2708 In
484 2670 625 2708 annot.
648 2667 700 2707 ad
721 2667 794 2706 lin.
819 2665 841 2704 8
865 2679 938 2718 pro
961 2664 1195 2718 ἐκτεταμένῃ
1216 2661 1377 2715 corrige
1394 2659 1693 2716 ἐπεκτεταμένῃ.

287 2746 383 2790 295.
410 2748 473 2776 12.
506 2736 550 2776 τὸ
577 2733 737 2792 ἄξοντο]
764 2733 907 2775 Scribe
927 2733 1050 2773 ὅτιτὸ
1073 2731 1225 2782 ἄξοντο.
1289 2729 1460 2770 Excidit
1481 2731 1614 2779 διπλῆ.

283 2818 380 2860 303.
406 2817 457 2845 10
477 2819 551 2859 pro
579 2817 642 2850 12,
667 2814 748 2857 252
772 2803 902 2843 scribe
928 2815 993 2852 10,
1018 2811 1112 2854 252.

286 2886 384 2928 310.
420 2873 474 2913 In
493 2876 633 2914 annot.
657 2872 730 2913 col.
757 2886 777 2912 2
800 2871 875 2911 lin.
903 2883 918 2911 1
946 2869 1099 2910 excidit
1118 2867 1338 2909 asteriscus
1358 2870 1456 2907 ante
1477 2865 1694 2918 τεκμήριον.

289 2954 385 2996 311.
411 2951 476 2995 27.
509 2938 742 2997 ξωρότερον]
766 2939 938 2993 Corrige
962 2938 1172 2990 ζωρότερον

289 3021 387 3065 317.
413 3022 479 3063 24.
513 3012 583 3064 ἆόρ
605 3009 848 3064 typothetae
869 3021 978 3048 error
999 3021 1071 3059 pro
1094 3007 1229 3058 ἀόρων.

938 3088 959 3115 c
982 3089 1002 3115 c
1027 3087 1048 3115 2
