1974 3305
255 129 340 169 316
735 132 961 170 ΙΛΙΑΔΟΣ
1005 132 1057 177 H,
1082 132 1134 170 Θ.
1177 129 1245 183 (7,
1268 131 1322 182 8)

316 243 415 283 499.
442 228 556 286 γόον]
586 231 669 271 ἀντὶ
690 234 757 270 τοῦ
780 231 913 282 ἐγόων,
938 230 1161 281 συνεστάλη

316 307 413 349 510.
447 297 640 349 ἀγλαΐηφι
661 296 871 354 πεποιθώς]
901 298 986 338 ἀντὶ
1006 301 1074 339 τοῦ
1095 298 1289 350 ἀγλαΐηφι
1310 300 1525 340 πεποιθότα

318 374 414 417 522.
446 366 530 407 ἐπεὶ
551 366 713 417 ἄλκιμός
734 363 844 422 ἐσσι]
879 366 970 407 ἀλλ’
994 367 1077 407 ἐπεὶ
1103 367 1264 418 ἄλκιμός
1287 368 1390 415 ἐσσι,
1414 368 1511 407 ἑκὼν
1530 369 1673 416 μεθιεῖς

914 545 966 581 H.
1035 542 1047 594 (
1070 543 1094 582 7
1118 547 1130 595 )

318 649 385 690 90.
419 636 465 677 ὅν
485 635 568 678 ποτ’
592 634 865 694 ἀριστεύοντα]
897 654 958 689 γρ.
982 637 1043 678 καὶ
1065 638 1182 678 ὅντιν“
1204 639 1363 690 ἄριστον
1838 619 1859 657 5

322 715 415 756 171.
449 702 674 761 διαμπερές]
699 708 768 745 τοῦ
789 705 932 757 κλήρου
953 707 1015 746 διὰ
1037 705 1195 746 πάντων
1217 706 1442 758 ἐρχομένου,
1462 707 1546 747 ἀντὶ
1565 709 1632 746 τοῦ
1648 704 1790 747 πάντες

317 773 414 828 336.
446 771 635 829 χεύομεν]
669 772 884 823 ποιήσομεν
1051 783 1148 828 337.
1177 772 1351 830 ἄκριτον]
1379 774 1504 826 μέγαν

315 854 414 891 410.
446 839 584 898 πυρός]
619 840 703 881 ἀντὶ
723 844 792 881 τοῦ
813 843 907 892 πυρί
1071 840 1348 898 μειλισσέμεν]
1382 845 1507 894 τιμᾶν,
1535 843 1708 892 κηδεύειν

318 922 416 964 431.
449 906 679 965 ἐπενήνεον]
713 909 959 960 ἐπεσώρευον

318 990 415 1032 433.
448 977 647 1029 ἀμφιλύκη
679 974 765 1033 νύξ]
800 978 820 1017 ὁ
841 978 967 1028 βαθὺς
988 979 1125 1030 ὄρθρος
1815 963 1862 989 10

318 1058 416 1100 434.
450 1043 596 1102 κριτός]
630 1045 786 1097 ἄριστος
809 1047 1087 1099 ἐπιλεγόμενος

318 1124 417 1169 437.
450 1111 580 1170 εἶλαρ]
615 1113 785 1166 φυλακὴ,
808 1115 991 1168 ὀχύρωμα
1142 1127 1240 1167 444.
1271 1113 1455 1171 θηεῦντο]
1487 1116 1702 1167 ἐθαύμαζον

918 1282 970 1319 Θ.
1034 1280 1047 1332 (
1070 1280 1096 1318 8
1118 1280 1131 1331 )

322 1386 388 1415 22.
420 1372 612 1431 μήστωρ’]
646 1373 807 1428 ἐργάτης
828 1378 904 1415 τῶν
927 1377 1024 1416 κατὰ
1044 1374 1112 1426 τὴν
1133 1374 1263 1428 μάχην
1285 1375 1410 1428 ἔργων
1433 1376 1614 1427 ἔμπειρος
1818 1402 1863 1440 15

321 1452 387 1495 25.
418 1441 523 1500 ῥίον]
557 1444 600 1483 τὸ
623 1443 861 1496 ἀκρωτήριον
882 1447 949 1484 τοῦ
970 1445 1083 1496 ὅρους

321 1511 386 1552 26.
418 1509 607 1569 μετήορα]
635 1511 810 1564 μετέωρα
833 1511 898 1564 ἐφ’
920 1515 1048 1566 ὕψους

319 1579 444 1620 πάντα
465 1578 639 1637 γένοιτο]
673 1582 720 1620 τὰ
741 1580 783 1621 δέ
804 1580 837 1620 κ’
860 1582 951 1622 αὖτε
972 1582 995 1632 ἡ
1020 1583 1066 1634 γῆ
1090 1581 1150 1622 καὶ
1170 1582 1193 1633 ἡ
1216 1580 1404 1621 θάλασσα
1425 1582 1548 1633 φησίν

320 1658 387 1700 27.
418 1649 509 1699 περί
526 1648 557 1688 τ’
582 1646 681 1705 εἶμί]
711 1649 880 1701 διαφέρω
901 1650 946 1704 τῇ
968 1649 1128 1699 δυνάμει

318 1728 387 1771 32.
422 1716 462 1756 εὖ
483 1733 527 1757 νυ
550 1717 610 1757 καὶ
630 1714 759 1772 ἡμεῖς]
793 1721 930 1768 σαφῶς
956 1717 1000 1767 δὴ
1024 1717 1085 1757 καὶ
1105 1718 1214 1768 ἡμεῖς
1817 1746 1866 1771 20

319 1797 387 1839 34.
419 1782 544 1841 οἶτον]
570 1786 704 1837 μόρον,
732 1784 900 1825 θάνατον
1056 1797 1122 1840 39.
1156 1783 1282 1841 θυμῷ]
1317 1787 1413 1841 ὀργῇ

318 1866 386 1903 40.
419 1851 634 1910 πρόφρονι]
662 1853 706 1893 τὸ
728 1854 770 1893 ἐκ
796 1852 1024 1905 φρονήσεως
1047 1855 1107 1894 καὶ
1129 1855 1342 1896 διαθέσεως

319 1921 442 1962 ἐθέλω
465 1921 507 1962 δέ
525 1939 584 1962 τοι
604 1924 716 1972 ἤπιος
739 1920 860 1978 εἶναι]
895 1923 1136 1974 εἰρωνεύεται
1158 1921 1275 1972 αὐτήν

318 2003 388 2041 41.
421 1988 639 2047 τιτύσκετο]
675 1992 933 2043 ὑπεζεύγνυεν
954 1991 1006 2045 τῷ
1031 1990 1181 2043 ἅρματι,
1203 1991 1386 2042 ἡτοίμαζε

318 2071 387 2109 42.
421 2056 618 2115 ὠκυπέτα]
654 2063 785 2112 ταχεῖς
962 2057 1176 2116 ἐθείρῃσιν]
1214 2058 1338 2110 θριξίν
1818 2085 1866 2124 25

320 2135 388 2177 50.
423 2129 518 2167 κατὰ
539 2124 592 2183 δ’]
625 2127 712 2179 περὶ
734 2126 767 2167 δ’

320 2204 388 2250 53.
421 2198 579 2236 δεῖπνον
602 2194 762 2252 ἕλοντο]
791 2195 1011 2248 ἠρίστησαν

320 2272 389 2315 57.
421 2262 649 2320 πρό-πρό]
678 2264 931 2316 ὑπέρ-ὑπέρ

322 2332 388 2383 87.
421 2330 652 2389 παρηορίας]
686 2333 737 2375 ὡς
757 2331 995 2385 παρηγορίας

324 2411 416 2452 103.
451 2398 604 2458 ὀπάζει]
637 2401 777 2451 διώκει,
802 2400 1096 2452 καταλαμβάνει
1815 2429 1866 2465 30

322 2469 415 2509 108.
447 2467 648 2525 μήστωρε]
683 2470 733 2511 ὡς
755 2470 817 2510 ἐπὶ
839 2473 916 2510 τῶν
937 2470 1064 2510 ἵππων

323 2562 417 2600 114.
452 2531 702 2605 Εὐρυμέδων]
727 2550 852 2600 ὄνομα
1030 2548 1120 2599 164.
1155 2548 1241 2601 ἔρρε
1263 2549 1358 2601 κακὴ
1380 2548 1526 2608 γλήνη]
1555 2552 1716 2604 φθείρου
1742 2551 1793 2593 ὡς

264 2619 354 2670 κόρη
377 2619 565 2669 ἄνανδρος

324 2686 417 2727 166.
450 2683 632 2742 δαίμονα]
656 2686 775 2737 μόρον
953 2698 1045 2738 190.
1077 2684 1099 2737 ἦ
1121 2684 1231 2743 ἐμοί]
1256 2685 1355 2740 ἤπερ
1377 2689 1467 2740 ἐμοί

319 2755 416 2805 428.
449 2751 518 2810 ἐῶ]
544 2754 733 2806 ἐπιτρέπω
860 2771 863 2774 ·
908 2767 1005 2809 439.
1039 2753 1172 2812 δίωκε]
1196 2755 1345 2807 ἤλαυνε

1815 2763 1907 2826 35’

319 2836 415 2873 441.
448 2820 560 2879 λῖτα]
585 2823 668 2863 ἀντὶ
689 2826 756 2863 τοῦ
777 2824 889 2863 λιτόν

323 2891 418 2942 558·
452 2888 667 2947 ὑπερράγη]
691 2891 853 2942 ἡπλώθη

323 2960 420 3013 563.
455 2961 558 3000 εἵατο
581 2958 841 3016 πεντήκοντα]
865 2961 1039 3014 ὑπῆρχον
1062 2959 1248 3014 (legebat
1269 2961 1383 3016 σέλιῐ)
