1974 3305
186 119 272 162 360

189 373 285 415 339-

188 576 284 616 τω.

185 847 284 889 34L

188 1119 283 1161 342

187 1325 283 1367 343·

188 1597 284 1639 344

186 1797 284 1844 345-

185 2336 281 2390 346

185 2550 280 2594 347-

184 2947 280 3002 34&

786 127 1010 165 huAon
1054 127 1255 179 K.(10)

482 260 694 312 K.(10)

365 392 373 400 .
406 362 509 411 παρὰ
527 361 665 410 νηυσὶν
675 361 857 412 ἀριστῆες
871 365 982 402 Παν-

447 431 596 480 αχαιῶν

364 528 370 535 .
405 498 544 549 τεῦχον
564 495 587 546 ἢ
610 497 735 538 πολὺν
756 498 907 550 ὄμβρον

365 596 372 604 .
406 564 598 614 θαύμαζεν
614 567 715 617 πυρὰ
735 567 869 606 πολλά

363 664 371 672 .
404 632 471 682 ἥδε
493 632 536 672 δέ
556 635 592 673 οἱ
615 635 711 673 κατὰ
733 635 854 684 θυμόν

363 732 370 740 .
403 699 571 752 Νέστορ’
595 701 658 741 ἐπὶ
680 705 831 753 πρῶτον

406 768 506 819 ἀμφὶ
528 767 561 808 δ’
584 769 717 809 ἔπειτα
738 771 927 821 δαφοινόν

364 868 371 876 .
404 835 493 875 οὐδὲ
514 838 587 888 γὰρ
610 837 710 892 αὐτῷ

362 935 370 944 .
401 902 588 955 Ἀργεῖοι,
612 906 653 944 τί
671 905 716 955 δή

362 1003 369 1010 .
402 971 471 1011 τὸν
493 970 524 1011 δ’
549 972 621 1023 εὗρ’
647 973 744 1025 ἀμφ’
771 974 912 1025 ὤμοισι

361 1071 369 1079 .
401 1039 609 1090 Τρώεσσιν
631 1042 847 1083 ἐπίσκοπον

363 1139 371 1147 .
405 1108 626 1159 κερδαλέης,
650 1110 734 1159 ἥτις
755 1128 821 1151 κεν

362 1206 369 1214 .
401 1176 571 1228 μέρμερα
594 1178 654 1217 ἐπ’
675 1178 793 1229 ἤματι

362 1277 369 1284 .
404 1244 499 1296 ἔργα
520 1244 550 1284 δ’
575 1245 676 1297 ἔρεξ’

362 1345 370 1354 .
404 1312 494 1353 ἀλλ’
520 1314 573 1353 ’ίθι
595 1315 663 1355 νῦν
686 1316 833 1357 Αἴαντα

363 1414 370 1422 .
405 1381 496 1421 ἀλλ’
516 1384 570 1422 ’ίθι
593 1384 661 1424 νῦν
683 1385 830 1425 Αἴαντα

363 1482 370 1490 .
403 1453 483 1492 πῶς
505 1451 579 1502 γάρ
600 1468 666 1502 μοι
687 1452 793 1507 μύθῳ

361 1549 368 1557 .
403 1518 490 1558 αὖθι
511 1518 644 1569 μένειν

363 1618 370 1626 .
405 1586 491 1637 εὐνῇ
524 1588 580 1627 ἐνὶ
609 1591 778 1644 μαλακῇ,
811 1591 912 1640 παρὰ
950 1589 983 1629 δ’

445 1655 554 1695 ἔντεα

362 1754 369 1762 .
403 1723 587 1773 ὀρθωθεὶς
604 1723 633 1763 δ’
654 1724 713 1775 ἄρ’
732 1723 792 1765 ἐπ’
808 1726 983 1777 ἀγκῶνος

363 1822 371 1830 .
403 1790 449 1840 ἠέ
467 1790 539 1831 τιν’
561 1791 712 1844 οὐρήων

362 1889 370 1897 .
402 1858 555 1910 τρομέει
591 1859 624 1899 δἾ
654 1861 728 1900 ὑπο
765 1861 854 1915 (sic)
889 1864 982 1914 φαί-

445 1929 535 1978 ὃιμα

362 2028 369 2036 .
401 1994 453 2046 μή
475 2012 533 2036 τοι
554 1997 626 2046 μὲν
649 1997 803 2052 καμάτῳ

361 2096 368 2103 .
403 2063 492 2104 οὐδέ
520 2081 556 2104 τι
588 2066 694 2115 ἴδμεν
723 2066 775 2117 μή
807 2084 888 2110 πως
921 2068 982 2108 καὶ

444 2134 505 2172 διὰ
525 2134 642 2173 νύκτα

360 2232 367 2240 .
400 2200 476 2239 ὅσα
497 2201 572 2241 ποῦ
594 2202 663 2242 νῦν
680 2203 773 2254 (sie)
798 2204 980 2245 ἐέλπεται

360 2300 368 2308 .
400 2268 495 2319 ἠμὲν
511 2271 699 2321 Τυδείδην
717 2272 822 2324 δουρὶ
840 2275 981 2314 κλυτόν

360 2368 368 2377 .
401 2337 580 2378 ἀντίθεόν
600 2341 632 2378 τ’
655 2341 803 2381 Α’ίαντα

358 2436 366 2445 .
399 2405 449 2447 ὡς
471 2406 582 2454 εὕδει,
606 2407 669 2447 σοὶ
691 2407 723 2447 δ’
745 2411 811 2463 οἵῳ

357 2505 365 2513 .
399 2475 469 2513 νῦν
492 2476 524 2514 δ’
545 2474 634 2525 ἐμέο

359 2573 367 2581 .
400 2542 496 2592 οὔλη
520 2544 552 2582 δ’
575 2543 784 2594 ἐπενήνοθε

358 2641 365 2649 .
399 2612 550 2661 πρῶτον
572 2610 689 2651 ἔπειτ’
714 2611 890 2665 Ὀδυσῆα

358 2709 366 2717 .
397 2678 437 2717 ἐκ
460 2677 494 2717 δ’
516 2678 613 2728 ἦλθε
641 2682 795 2731 κλισίης

359 2777 366 2785 .
398 2748 549 2796 βουλὰς
572 2749 782 2797 βουλεύειν

357 2844 363 2851 .
397 2812 518 2863 εὗδον,
549 2815 624 2855 ὑπὸ
657 2817 792 2867 κρασὶν
823 2817 854 2858 δ’
885 2819 979 2872 ἔχον

442 2882 612 2926 ἀσπίδας

359 2981 366 2987 .
399 2950 477 3000 λὰξ
499 2953 587 2992 ποδὶ
610 2953 769 3004 κινήσας

1057 1263 1151 1309 351.

1053 1801 1148 1846 352.

1052 2006 1148 2053 353·

1051 2212 1147 2258 354·

1051 2557 1146 2603 355·

1169 229 1233 269 28.
1266 230 1388 280 πάντη
1426 231 1685 284 ἐποιχόμενοι,
1725 232 1773 271 σὺ
1814 228 1847 270 δ’

1053 379 1149 420 349·
1198 376 1237 418 5·

1173 448 1236 489 13.

1174 580 1236 622 15.

1174 650 1235 690 17.

1173 788 1236 827 19.

1174 925 1237 952 11.

1174 1059 1236 1101 17·

1170 1131 1238 1171 30.

1312 299 1512 352 ἀμήχανος

1271 366 1359 406 ἀλλ’
1383 369 1435 407 ἴθι
1466 371 1534 408 νῦν
1558 369 1707 407 Αἴαντα
1727 367 1849 419 ταχύν

1269 434 1360 475 ἀλλ’
1383 435 1587 488 ἐγρηγορτὶ
1619 435 1690 476 σὺν
1714 436 1847 488 τεύχε-

1313 521 1376 544 σιν
1400 505 1505 544 εἵατο
1526 503 1669 546 πάντες

1270 572 1320 614 ὡς
1339 575 1416 612 τῶν
1438 572 1605 623 νήδυμος

1267 641 1384 680 νύκτα
1413 639 1759 691 φυλασσομένοισι
1781 657 1847 679 κα-

1313 707 1381 758 κήν

1268 775 1478 827 τετράφαθ’
1488 775 1623 816 ὁππότ’
1633 775 1695 816 ἐπὶ
1707 776 1850 826 Τρώων

1271 845 1299 884 ὦ
1322 845 1432 895 φίλοι
1455 844 1521 884 οὐκ
1544 844 1591 884 ἂν
1613 843 1658 894 δή
1678 861 1736 885 τις

1272 913 1296 963 ἥ
1327 912 1412 953 τινά
1443 929 1518 952 που
1550 912 1611 952 καὶ
1643 914 1765 963 φῆμιν
1795 911 1850 952 ἐνὶ

1314 980 1498 1033 Τρώεσσι
1520 982 1698 1021 πιθοίατο
1725 980 1817 1033 (sic)

1271 1049 1378 1089 ἄσσα
1398 1067 1439 1089 τε
1458 1051 1649 1100 μητιόωσι

1270 1118 1418 1169 Τρώων
1463 1117 1555 1158 ἀλλ’
1598 1119 1634 1158 εἴ
1679 1119 1735 1159 τίς
1784 1134 1850 1168 μοι

1311 1186 1405 1236 ἀνήρ

1233 1288 1240 1295 .
1276 1255 1347 1295 σύν
1367 1271 1408 1294 τε
1431 1255 1486 1295 δύ”
1508 1254 1705 1307 ἐρχομένω

1230 1356 1237 1364 .
1271 1323 1376 1365 ὅπως
1399 1322 1529 1375 κέρδος
1557 1324 1600 1378 ἔῃ

1271 1390 1376 1431 ἀλλά
1396 1392 1438 1432 τέ
1458 1393 1495 1431 οἱ
1519 1391 1713 1443 βράσσων

1267 1461 1383 1511 ἤθελε
1406 1459 1436 1499 δ’
1461 1462 1480 1500 ὁ
1503 1459 1659 1511 τλήμων

1270 1530 1319 1570 ὣς
1359 1528 1470 1581 ἔφατ’
1525 1529 1655 1581 (ἔφαθ’
1706 1527 1848 1582 codex)

1311 1587 1484 1626 ἔδδεισεν
1509 1587 1552 1626 δέ

1271 1657 1305 1695 εἶ
1324 1655 1397 1705 μὲν
1416 1655 1463 1705 ,δὴ
1486 1655 1624 1707 ἕταρόν
1645 1672 1690 1706 γε

1271 1724 1449 1765 κελεύετέ
1467 1722 1504 1775 μ’
1529 1724 1646 1764 αὐτὸν
1669 1724 1830 1763 ἑλέσθαι

1228 1824 1235 1832 .
1268 1791 1353 1842 μήτ’
1377 1793 1424 1843 ἄρ
1444 1809 1491 1842 με
1511 1791 1604 1843 μάλ’
1631 1793 1734 1833 αἵνεε
1754 1791 1849 1842 μήτε

1309 1878 1345 1900 τι
1367 1862 1481 1900 νείκει

1227 1961 1234 1969 .
1268 1929 1392 1980 ἄστρα
1414 1929 1456 1968 δὲ
1478 1929 1522 1979 δὴ
1544 1928 1769 1980 προβέβηκε

1264 2001 1340 2037 τῶν
1362 1998 1427 2037 δύο
1448 1996 1619 2049 μοιράων

1228 2097 1235 2105 .
1267 2067 1446 2117 ταυρείην
1470 2067 1629 2119 ἄφαλόν
1649 2083 1691 2107 τε

1227 2167 1234 2175 .
1269 2135 1309 2174 εὗ
1327 2134 1388 2174 καὶ
1409 2134 1675 2184 ἐπισταμένως

1227 2236 1234 2244 .
1268 2202 1398 2255 ἀρήρει
1421 2217 1500 2243 om.

1300 2271 1309 2285 Ι
1365 2274 1374 2287 Q
1391 2272 1399 2287 Ι
1500 2272 1508 2288 5
1541 2274 1551 2287 Ἴ
1597 2273 1609 2291 ,
1708 2278 1725 2288 Λ

1226 2302 1234 2311 .
1264 2289 1334 2324 την
1353 2290 1402 2325 ρα
1422 2290 1496 2314 ποτ
1536 2277 1575 2324 εξ
1613 2278 1793 2317 ΕλεωιΌς

1226 2375 1232 2382 .
1266 2346 1370 2383 τοῖσι
1401 2344 1440 2382 δὲ
1473 2341 1599 2393 δεξιὸν
1628 2344 1719 2395 ἧκεν
1755 2347 1848 2398 ἐρω-

1309 2411 1392 2451 διόν

1225 2512 1232 2520 .
1265 2479 1322 2519 τοὶ
1345 2478 1375 2519 δ’
1395 2480 1462 2520 οὐκ
1479 2481 1562 2520 ἴδον
1579 2481 1848 2532 ὀφθαλμοῖσιν

1226 2581 1233 2589 .
1265 2553 1377 2602 χαῖρε
1414 2551 1454 2590 δὲ
1482 2550 1534 2604 τῷ
1557 2551 1678 2600 ὄρνιθι
1699 2549 1730 2590 δ’
1754 2549 1845 2603 (sie)

1306 2616 1526 2660 Ὀδυσσεύς

1194 2694 1233 2737 5.
1267 2685 1331 2728 δὸς
1353 2688 1393 2726 δὲ
1414 2686 1538 2727 πάλιν
1555 2688 1616 2727 ἐπὶ
1638 2689 1731 2738 νῆας

1168 2904 1231 2945 13.

1170 2959 1233 3000 16,

1226 2755 1306 2796 ,ἐς
1362 2754 1504 2805 Θήβας
1526 2756 1626 2808 ιζσὸτε
1675 2772 1720 2795 τε
1770 2755 1844 2808 πρὸ

1309 2821 1481 2875 Ἀχαιῶν

1264 2891 1384 2943 αὐτὰρ
1407 2892 1426 2930 ὁ
1446 2892 1641 2944 μειλίχιον
1665 2895 1789 2943 μῦθον

1267 2961 1475 3011 πρόφρασα
1498 2960 1590 3011 (δίο)
