1974 3305
255 123 339 163 318
806 132 1032 169 ΙΛιΑΔοΣ
1075 132 1106 169 1.
1148 128 1232 182 (9)

316 236 408 280 155.
444 228 647 284 δωτίνῃσι]
672 232 832 280 δωρεαῖς

315 294 408 346 158.
442 294 640 352 δμηθήτω]
665 296 910 347 δαμασθήτω,
933 296 1126 348 ὑπειξάτω

316 361 410 412 167.
443 362 676 420 ἐπιόψομαι]
701 364 927 416 ἐπιλέξομαι

315 439 408 481 172.
444 429 532 487 Διί]
558 432 640 472 ἀντὶ
660 436 728 474 τοῦ
751 434 830 473 Δία
1003 431 1233 490 ἀρησόμεθ’]
1259 433 1446 483 εὐξόμεθα

316 507 407 551 173.
441 498 601 557 ἑαδότα]
630 500 842 552 ἀρέσκοντα
1801 501 1824 539 5

315 566 406 608 188.
438 565 484 617 ἐξ
502 567 668 625 ἐνάρων]
693 571 734 609 ἐκ
755 574 833 610 τῶν
855 571 1011 610 σκύλων

317 635 410 687 189.
446 634 558 692 κλέα]
583 636 698 687 δόξας
876 650 969 690 190.
1003 635 1121 694 ἧστο]
1146 636 1368 686 ἐκαθέζοντο

316 713 408 755 197.
442 702 464 752 ἧ
488 703 620 760 φίλοι]
645 706 756 757 φίλοι
778 705 823 754 δή
1002 707 1094 759 198.
1131 702 1370 760 σκυζομένῳ]
1395 703 1631 757 ὀργιζομένῳ

317 784 409 824 199.
443 770 635 828 προτέρω]
661 774 714 814 εἰς
738 774 1015 824 τοῦμπροσθεν,
1038 773 1273 825 προσωτέρω

315 850 410 891 203.
445 838 671 896 ζωρότερον]
697 841 966 892 ἀκρατότερον,
988 843 1089 883 τινὲς
1111 842 1352 892 θερμότερον,
1376 841 1481 892 παρὰ
1501 840 1571 890 τὴν
1594 838 1697 888 ζέσιν
1805 843 1852 868 10

314 905 409 947 206.
441 905 587 963 κρεῖον]
613 909 772 960 ἀγγεῖον
947 910 1042 950 208.
1076 906 1252 965 σιάλοιο]
1275 911 1443 959 λιπαροῦ

314 986 410 1028 209.
442 972 516 1029 τῷ]
543 976 586 1015 ἐν
607 976 688 1029 ὅσῳ
864 975 975 1034 ἔχεν]
1000 977 1149 1029 ἐκράτει

314 1054 410 1092 214.
444 1041 703 1099 κρατευτάων]
727 1047 805 1084 τῶν
824 1044 985 1095 βάσεων

313 1122 409 1151 220.
441 1109 604 1168 θυηλάς]
628 1112 697 1154 τὰς
718 1112 896 1166 ἀπαρχάς
1072 1126 1166 1155 221.
1201 1111 1364 1169 ὀνείαθ’]
1389 1112 1577 1164 βρώματα

314 1178 410 1220 228.
445 1178 656 1236 ἐπηράτου]
683 1181 915 1232 ἐπιθυμητῆς
1091 1194 1187 1236 230.
1213 1183 1255 1222 ἐν
1277 1179 1382 1237 δοιῇ]
1407 1182 1449 1221 ἐν
1471 1183 1670 1234 δισταγμῷ
1805 1181 1851 1219 15

314 1259 337 1287 2
343 1259 411 1301 31.
444 1247 578 1288 δύσεαι
599 1246 742 1305 ἀλκήν]
767 1249 969 1305 ἀναλάβῃς
994 1248 1228 1302 (ἇναλάβεις
1244 1251 1300 1302 A)
1321 1250 1392 1300 τὴν
1414 1249 1573 1299 δύναμίν
1594 1265 1667 1288 σου

314 1328 409 1370 232.
442 1316 555 1356 αὖλιν
577 1315 731 1374 ἔθεντο]
757 1317 823 1358 τὸν
844 1318 1037 1370 αὐλισμὸν
1059 1320 1265 1369 ἐποίησαν,
1289 1318 1695 1371 ἐστρατοπεδεύσαντο

314 1394 407 1438 245.
443 1383 620 1442 αἴσιμον]
644 1386 899 1438 πεπρωμένον

313 1462 409 1504 247.
443 1455 476 1493 εἰ
496 1452 684 1510 μέμονας]
711 1456 744 1494 εἰ
766 1454 1006 1506 σπουδάζεις,
1030 1455 1063 1495 εἰ
1083 1457 1289 1507 προθυμεῖς

314 1520 410 1561 268.
442 1521 647 1579 ἐριτίμοιο]
670 1523 886 1574 πολυτίμου
1804 1528 1853 1554 ²0

313 1603 409 1645 310.
445 1590 612 1649 κρανέω]
636 1593 836 1633 τελειώσω

311 1672 407 1714 321.
443 1659 676 1717 περίκειται]
700 1662 892 1713 περισσόν
912 1662 952 1700 τί
969 1662 1078 1702 ἐστιν

312 1739 409 1782 324.
443 1726 631 1784 μάστακ’]
656 1728 807 1780 τροφὴν

310 1805 407 1850 355.
440 1794 596 1852 ἔμιμνε]
621 1796 722 1847 ἅπαξ
744 1797 874 1847 ἔμεινε
1049 1797 1145 1852 358.
1179 1796 1346 1854 νηήσας]
1372 1798 1576 1848 σωρεύσας

311 1873 404 1917 375.
436 1863 587 1921 ἤλιτεν]
610 1865 778 1915 ἥμαρτεν
950 1866 1048 1921 376.
1082 1864 1331 1922 ἐξαπάφοιτ’]
1360 1865 1550 1916 ἀπατήσει
1803 1869 1851 1908 ²5

311 1933 408 1986 381.
444 1931 703 1990 Ὀρχομενόν]
731 1935 847 1976 πόλις
873 1937 940 1985 τῆς
972 1935 1160 1976 Βοιωτίας

312 2000 601 2057 ποτινίσσεται]
634 2001 832 2042 ἀνάκειται

308 2081 410 2121 422.
443 2068 672 2126 ἀπόφασθε]
698 2071 930 2123 ἀποφήνατε

307 2150 405 2189 441.
438 2137 630 2195 ἀγορέων]
655 2141 895 2192 δημηγοριῶν
1073 2139 1321 2197 τελέθουσιν]
1345 2139 1579 2194 ὑπάρχουσι,
1601 2142 1779 2194 γίνονται

306 2216 406 2259 445.
436 2205 648 2263 ὑποσταίη]
671 2208 886 2261 ὑπόσχοιτο
1059 2208 1157 2260 446.
1193 2207 1411 2265 ἀποξύσας]
1437 2209 1598 2261 ἀφελών
1802 2219 1851 2255 30

306 2286 404 2327 452.
438 2273 634 2331 ἐχθήρειε]
658 2274 840 2326 μισήσειε
1014 2290 1113 2331 454.
1145 2275 1354 2334 στυγεράς]
1379 2276 1558 2330 φοβεράς

307 2351 405 2396 453.
438 2340 603 2400 ὀϊσθείς]
627 2343 850 2395 ὑπονοήσας

305 2420 404 2464 455.
437 2410 700 2469 ἐφέσσεσθαι]
725 2414 1025 2465 ἐπικαθεσθῆναι
1197 2413 1296 2464 462.
1329 2412 1428 2470 ἔνθ’]
1453 2415 1493 2464 ἐξ
1516 2414 1666 2455 ἐκείνου

305 2479 404 2532 465.
437 2478 540 2535 ἔται]
566 2481 721 2532 ἑταῖροι,
744 2486 919 2531 πολῖται,
941 2484 1037 2522 κατὰ
1059 2481 1261 2532 ἀποκοπήν

304 2547 401 2597 466.
431 2546 539 2604 ἴφια]
565 2549 718 2601 ἰσχυρὰ,
743 2549 914 2602 εὐτραφῆ
1089 2547 1241 2606 ἕλικας]
1264 2551 1457 2601 μελαίνας
1799 2557 1848 2596 35

305 2616 403 2666 468.
438 2614 631 2672 εὑόμενοι]
656 2617 936 2669 φλογιζόμενοι

305 2684 403 2739 469.
439 2683 632 2741 κεράμων]
657 2686 780 2726 πίθων
953 2683 1069 2742 μέθυ]
1093 2685 1196 2728 οἶνος

306 2764 404 2805 470.
437 2751 654 2809 εἰνάνυχες]
680 2753 741 2793 ἐπὶ
765 2753 874 2794 ἐννέα
895 2754 1032 2795 νύκτας

307 2830 404 2871 472.
439 2819 631 2877 εὐερκέος]
657 2822 820 2873 ἀσφαλῆ
843 2822 1060 2873 περιβολὴν
1081 2823 1248 2877 ἐχούσης

309 2898 405 2941 475.
440 2887 622 2946 πυκινῶς]
647 2890 850 2940 ἐπιμελῶς,
875 2889 1067 2942 ἀσφαλῶς
1797 2906 1849 2940 40

310 2956 403 3006 484.
439 2955 645 3014 ἐσχατιήν]
671 2958 717 2998 τὰ
739 2957 891 3011 ἔσχατα
911 2958 1006 3010 μέρη
