1974 3305
790 133 1016 171 ΙΛΙΑΔΟΣ
1059 132 1103 169 Σ.
1147 128 1260 181 (18)

381 270 388 278 .
420 231 715 289 ἀναβέβρυχεν]
746 232 995 284 ἀνεφύσησεν

419 304 547 345 πνοιαὶ
568 298 788 357 δονέουσιν]
823 303 935 340 τοῦτο
956 298 1005 350 ἧν
1027 298 1069 339 τὸ
1091 298 1353 351 ἀνεμοτρεφές

419 366 639 425 λαφύσσει]
662 369 815 409 λάπτει.
847 370 924 408 τῶν
945 368 985 407 δὲ
1009 369 1106 408 κατὰ
1129 368 1290 419 μίμησιν
1310 367 1333 417 ἡ
1355 365 1460 417 λέξις

382 474 389 481 .
422 437 540 495 δῃῶν]
574 440 759 486 διασπῶν,
783 436 1002 477 διακόπτων

380 543 387 550 .
421 503 608 563 ἰύζουσιν]
641 509 717 547 τῶν
739 507 832 545 κατὰ
855 505 1018 556 μίμησιν
1040 504 1101 544 καὶ
1126 508 1240 544 τοῦτο
1814 516 1835 553 5

410 609 417 617 .
450 571 634 630 ἐγγύθεν]
669 573 752 614 ἀντὶ
778 576 846 613 τοῦ
868 573 983 625 ἐγγύς

410 677 418 685 .
450 639 689 698 ἐπισκύνιον]
722 640 766 681 τὸ
784 640 860 681 ὑπὸ
879 642 947 682 τὰς
968 642 1087 692 ὀφρῦς
1110 640 1229 691 δέρμα

325 725 418 763 141.

387 789 418 821 ⁷¹.
447 775 689 834 πεφήσεται]
724 776 895 829 φανερὸν
916 775 1124 829 γενήσεται

326 851 419 890 161.

326 932 342 958 1
353 928 419 971 70.

324 1000 341 1027 1
351 997 375 1038 7
384 999 418 1027 1.

323 1064 418 1106 207.

323 1135 345 1163 2
356 1136 371 1163 1
380 1136 419 1177 3.

445 707 614 767 ὑπόδρα]
652 710 947 761 παραστρόφοις
968 711 1047 750 τοῖς
1067 706 1289 760 ὀφθαλμοῖς

451 849 560 889 ἔλθοι
581 843 769 904 τεθνηώς]
803 846 885 887 ἀντὶ
905 848 973 886 τοῦ
996 847 1196 897 κομισθείη
1818 858 1864 883 10

451 914 532 973 τίη]
556 916 616 966 τίη
640 915 830 957 Ἀττικῶς
850 914 934 954 ἀντὶ
956 917 1024 955 τοῦ
1045 916 1085 955 τί

451 981 624 1040 ἐφάμην]
653 982 780 1033 ἔδοξα,
805 984 970 1034 ἐνόμισα
1144 995 1239 1025 202.
1276 979 1380 1039 ἐστι]
1415 981 1491 1023 εἶσι

450 1050 608 1109 ποινήν]
642 1050 813 1102 ἀμοιβήν
989 1063 1085 1092 210.
1105 1048 1248 1108 ”Αρης]
1280 1050 1470 1102 πολεμικὴ
1491 1049 1686 1101 προθυμία

452 1121 656 1163 ἰνδάλλετο
679 1119 722 1159 δέ
750 1125 867 1172 σφισι
894 1117 1011 1175 πᾶσι]
1046 1120 1229 1172 ἐφαίνετο
1262 1119 1357 1160 κατὰ
1384 1118 1429 1159 τὸ
1459 1117 1558 1160 εἶδος
1589 1118 1720 1169 ὅμοιος
1740 1117 1792 1172 τῷ

264 1194 451 1244 Ἀχιλλεῖ
468 1192 488 1230 ὁ
499 1188 654 1240 ’Έκτωρ
1819 1206 1832 1229 1
1842 1203 1864 1240 5

323 1268 417 1311 225.

322 1340 419 1378 242.

322 1405 418 1451 253.

321 1474 418 1517 254.

323 1533 418 1575 262.

322 1602 419 1654 265.

322 1670 419 1720 664.

322 1738 418 1790 670.

323 1806 419 1859 696.

450 1254 696 1313 κατατρύχω]
721 1259 978 1297 καταδαπανῶ
1077 1256 1173 1311 236.
1204 1253 1418 1312 πολέσσιν]
1443 1255 1527 1296 ἀντὶ
1547 1257 1614 1295 τοῦ
1634 1256 1795 1294 πολλῶν

451 1328 576 1368 ὅσσον
598 1326 668 1382 ἐμῇ
690 1322 867 1382 κεφαλῇ]
898 1325 958 1365 ὅτι
978 1324 1177 1378 ἐνηλλάγη
1201 1327 1356 1368 πτῶσις.
1416 1323 1510 1377 (Est
1531 1320 1794 1374 Arisbonici.)

451 1392 604 1451 δέδηεν]
638 1393 863 1434 ἐκκέκαυται

451 1463 565 1506 αὐτὸς
584 1459 673 1519 ἴτω]
708 1462 891 1504 ἑκουσίως
913 1461 1027 1504 αὐτὸς
1047 1461 1321 1514 παραγινέσθω

450 1528 701 1587 προῦτυψαν]
731 1530 1022 1582 προενέσεισαν,
1044 1529 1318 1582 προενέβαλον
1818 1547 1866 1571 20

453 1597 725 1655 ἐρευγομένης]
745 1599 957 1653 ἐρχομένης
1073 1598 1125 1649 63
1133 1608 1170 1650 7.
1189 1595 1415 1654 ἀκηχέδατ’]
1435 1597 1538 1650 ἄγαν
1557 1595 1795 1638 κεκάκωνται

451 1666 635 1725 τετιηότι]
667 1668 905 1722 βεβλημένῳ
929 1669 990 1708 διὰ
1011 1667 1140 1717 λύπην

452 1734 618 1793 ἐνηείης]
651 1737 864 1788 πραότητος
1039 1734 1136 1787 695.
1170 1731 1370 1791 ἀμφασίη]
1406 1734 1563 1787 ἀφωνία

446 1803 612 1861 ἔσχετο]
647 1803 842 1856 ἐπεσχέθη

911 2028 954 2064 Σ.
1017 2025 1142 2077 (18)

324 2155 390 2197 25.
422 2141 630 2201 νεκταρέῳ]
669 2144 771 2199 θείῳ,
796 2148 900 2199 καλῷ

323 2224 390 2265 50.
423 2210 639 2269 ἀργύφεον]
672 2214 853 2264 λαμπρόν
1031 2210 1095 2253 80.
1126 2208 1235 2267 ἧδυς]
1261 2210 1440 2262 ἐπιθυμία

324 2291 418 2333 215.

324 2351 420 2392 216.

324 2428 419 2471 259.

323 2499 420 2542 312.

323 2556 419 2611 316.

323 2637 418 2679 319.

324 2705 420 2747 329.

323 2775 418 2816 341.

323 2842 417 2884 342.

324 2907 418 2951 375-

325 2965 406 3019 386

452 2281 528 2322 ἀπὸ
549 2278 718 2337 τείχεος]
752 2281 904 2321 ἄπωθεν
930 2283 998 2320 τοῦ
1020 2280 1172 2333 τείχους

453 2347 623 2406 ὠπίζετ’]
658 2349 923 2402 ἐπεστρέφετο
1042 2349 1137 2401 256.
1170 2346 1295 2405 εἶμεν]
1328 2347 1553 2401 ὑπάρχομεν
1816 2365 1866 2402 30

454 2415 588 2475 ἰαύων]
623 2418 928 2469 ἀπαυλιζόμενος
1104 2427 1198 2472 273.
1231 2414 1454 2474 κηδόμενοι]
1488 2417 1761 2469 φροντίζοντες
1834 2428 1836 2430 “

453 2484 669 2543 ἐπῄνησαν]
705 2485 988 2539 συγκατέθεντο

452 2552 602 2611 ἁδινοῦ]
635 2557 774 2607 γοεροῦ
795 2557 950 2607 (γεεροῦ
975 2554 1043 2606 Α),
1068 2555 1281 2605 θρηνώδους

452 2620 727 2680 ἐλαφηβόλος]
763 2624 925 2675 κυνηγός
1069 2635 1165 2677 321.
1198 2620 1324 2679 ἄγκε’]
1359 2621 1578 2675 φάραγγας,
1602 2621 1778 2674 σπήλαια

454 2689 628 2748 ἐρεῦσαι]
662 2692 823 2743 ἐρυθρὰν
844 2693 1003 2742 ποιῆσαι
1025 2691 1075 2746 τῷ
1099 2692 1231 2741 αἵματι
1818 2705 1866 2744 35

452 2758 698 2817 καμόμεσθα]
731 2761 828 2811 μετὰ
850 2759 1017 2811 καμάτου
1039 2759 1283 2811 ἐκτησάμεθα

449 2827 617 2886 πιείρας]
651 2828 817 2880 λιπαράς
991 2828 1088 2882 348.
1121 2826 1298 2885 ἄμφεπε]
1333 2831 1529 2880 περιεῖπεν

452 2895 590 2954 κύκλα]
624 2898 786 2951 τροχούς
931 2894 1113 2953 πυθμένι]
1147 2901 1199 2952 τῷ
1221 2896 1400 2938 ὑποκάτω
1421 2895 1530 2949 μέρει
1551 2899 1618 2948 τῆς
1637 2895 1796 2948 βάσεως

454 2963 639 3022 θαμίζεις]
673 2969 845 3019 συνεχῶς
867 2965 1060 3020 παραγίνῃ
