1974 3305
685 163 909 202 ΙΛΙΑΔΟΣ
951 162 1000 201 Λ.
1043 159 1154 213 (11)

205 279 271 321 29.
304 270 404 318 βοῦν
424 265 511 316 ἦνιν

91 335 187 390 356.
235 336 274 376 6.
308 337 360 386 ἀμ
382 335 508 386 φόνον
535 333 584 373 ἀν
606 332 741 373 νέκυάς

207 404 273 445 26.
302 404 341 444 οἳ
357 401 391 442 τ’
413 402 513 455 αὐτῷ

207 471 273 513 28.
305 471 354 522 ἦν
404 470 446 510 δέ
501 486 558 510 τις
613 470 655 509 ἐν
704 466 888 518 Τρώεσσι

349 539 494 579 Δόλων

207 621 274 663 33.
310 607 430 658 αὐτὰρ
452 606 472 645 ὁ
492 608 634 656 μοῦνος
656 604 722 653 ἔην

93 684 190 731 357.
242 688 276 716 1.
309 673 400 715 ἀλλ’
423 673 495 726 ἄγε
520 690 585 724 μοι
606 672 650 712 τὸ
673 673 871 722 σκῆπτρον

210 746 276 786 28.
310 742 418 795 κρατὶ
439 740 472 782 δ’
494 741 555 782 ἐπὶ
579 741 728 790 κτιδέην

95 812 192 868 358.
242 825 278 853 Ι.
313 811 421 863 κρατὶ
443 809 473 850 δ’
497 810 560 851 ἐπὶ
583 808 734 858 κτιδέην

213 893 278 930 14.
311 877 401 920 ἀλλ’
424 879 489 919 ὅτε
511 877 556 928 δή
576 876 612 929 ῥ’
637 877 767 917 ἵππων
792 891 835 915 τε

212 948 279 990 26.
312 946 362 989 ὣς
397 947 470 998 ἄρα
502 944 737 998 φωνήσαντε
772 943 892 994 παρὲξ

353 1015 443 1055 ὁδοῦ

97 1093 194 1140 359.
242 1083 268 1124 6
290 1085 332 1124 eb
355 1082 393 1123 8.
417 1083 544 1122 ὅσσον
560 1080 591 1122 τ’
613 1082 676 1121 ἐπὶ
691 1081 786 1132 οὖρα
803 1079 894 1132 (sic)

355 1151 545 1191 πέλονται

217 1233 282 1261 10.
315 1218 406 1261 ἀλλ’
429 1219 494 1259 ὅτε
516 1218 560 1269 δή
582 1218 618 1269 ῥ’
641 1218 763 1267 ἀπέην

216 1301 282 1330 20.
316 1289 457 1329 ἔλπετο
478 1289 550 1339 γὰρ
573 1288 669 1327 κατὰ
691 1287 811 1336 θυμόν

217 1367 284 1410 27.
317 1355 572 1410 φευγέμεναι,
594 1355 653 1395 τοὶ
675 1354 707 1394 δ’
730 1353 834 1406 αἶψα

101 1427 198 1482 360.
248 1439 284 1467 1.
316 1424 340 1475 ἢ
375 1423 503 1475 κεμάδ’
536 1424 580 1474 ἠὲ
617 1422 774 1475 λαγωὸν
796 1422 898 1462 ἐπεί·
969 1472 976 1479 .

355 1509 474 1546 γετον

222 1575 286 1603 11.
318 1563 417 1602 λαοῦ
479 1560 749 1611 ἀποτμήξαντε
812 1558 898 1598 διώ-

364 1646 477 1670 κετον

221 1711 288 1749 24.
320 1697 344 1748 ἦ
365 1699 414 1750 ῥα
435 1698 496 1737 καὶ
518 1698 635 1750 ἔγχος
658 1697 810 1748 ἀφῆκεν

105 1768 202 1823 361.
224 1779 289 1817 14.
321 1764 511 1819 ζωγρεῖτ’,
533 1765 653 1816 αὐτὰρ
676 1765 778 1816 ἐγὼν
796 1763 863 1813 ἐμέ

226 1835 292 1876 16.
326 1836 428 1875 εἵκεν
450 1834 517 1885 ἐμὲ
541 1832 638 1883 ζωὸν
661 1830 861 1873 πεπύθοιτ’

224 1915 291 1945 20.
318 1902 342 1954 ἥ
362 1919 448 1942 τινα
469 1900 657 1951 συλήσων

109 1972 206 2028 362.
227 1971 293 2012 18.
325 1974 405 2013 πῶς
426 1968 456 2010 δ’
482 1971 521 2009 αἱ
542 1973 618 2009 τῶν
643 1969 779 2009 ἄλλων

227 2051 294 2090 24.
324 2038 433 2078 ἅσσα
454 2054 496 2078 τε
516 2037 732 2088 μητιόωσιν

111 2109 208 2164 363.
258 2116 296 2159 7.
328 2109 408 2147 πῶς
430 2106 506 2158 γὰρ
528 2109 597 2146 νῦν

229 2188 295 2216 11.
328 2172 476 2215 εὕδουσ’
500 2172 522 2224 ἢ
550 2171 742 2214 ἀπάνευθε

231 2251 295 2296 15.
327 2243 425 2295 πρὸς
445 2243 518 2293 μὲν
542 2240 637 2282 ἁλὸς
661 2242 784 2291 Κᾶρες

229 2311 296 2354 28.
328 2311 422 2363 πρὸς
445 2311 636 2361 Θύμβρης
657 2309 690 2349 δ’
714 2309 860 2362 ἔλαχον

229 2393 298 2436 31.
332 2379 395 2420 καὶ
416 2379 566 2431 Φρύγες
589 2378 802 2428 ἱππόδαμοι

116 2449 213 2505 364.
261 2462 300 2504 3.
333 2449 375 2489 ἐν
396 2447 438 2488 δέ
458 2452 556 2499 σφιν
575 2445 716 2497 Ῥῆσος

232 2529 299 2567 24.
330 2516 553 2566 λευκότεροι
607 2515 762 2568 χειόνος
800 2512 912 2568 (sie),

375 2585 496 2625 θείειν
521 2582 552 2624 δ’
576 2583 777 2633 ἀνέμοισιν

118 2653 216 2710 365.
237 2665 303 2704 14.
335 2652 386 2703 μὴ
409 2651 454 2703 δή
474 2668 540 2703 μοι
561 2651 676 2703 φύξιν
701 2667 748 2703 γε

238 2735 303 2775 19.
333 2720 358 2772 ἥ
378 2738 420 2761 τε
442 2720 503 2761 καὶ
522 2721 687 2771 ὕστερον
708 2718 822 2759 εἶσθα

236 2802 305 2844 30.
338 2790 454 2839 θῆκεν
475 2788 550 2829 ἀνὰ
569 2787 731 2838 μυρίκην

122 2858 219 2914 366.
267 2869 310 2910 9.
339 2856 385 2907 ἐξ
403 2854 669 2908 ἐπιδιφριάδος

241 2938 306 2976 14.
338 2924 409 2965 τὸν
443 2924 478 2964 δ’
513 2921 735 2965 Ὀδυσσεὺς
771 2921 919 2974 προπά-

381 2995 513 3044 ροιθεν

1072 273 1137 302 22.

1071 328 1138 370 28.

957 466 1054 520 367.
1106 479 1141 505 1.

1102 541 1141 585 5.

1073 683 1142 725 31.

961 738 1058 794 368.
1107 751 1145 791 9.

1080 889 1144 917 20.

1081 1012 1147 1054 28.

966 1083 1061 1137 369-
1112 1091 1149 1133 7-

1082 1163 1148 1191 20.

1084 1231 1149 1259 22.

976 1983 1072 2026 372.
1120 1970 1159 2011 6.

1151 2071 1159 2079 .
1192 2037 1240 2078 ἂν
1263 2036 1294 2077 δ’
1316 2035 1417 2076 ἕλετ’
1435 2036 1687 2086 ἀμφιβρότην

1668 152 1750 193 361

1171 261 1220 302 ὡς
1246 260 1287 300 δὲ
1309 258 1409 298 λέων
1429 255 1614 308 μήλοισιν

1172 328 1241 368 τὸν
1274 326 1307 367 δ’
1344 324 1562 366 Ὀδυσσεὺς
1597 322 1753 373 μετόπι-

1215 412 1289 448 σχε

1174 465 1244 514 τὴν
1269 462 1369 504 νύκτ’
1395 462 1580 502 Οἰνείδαο

1175 532 1246 572 σὺν
1287 531 1317 571 δ’
1361 530 1489 581 ἤειρεν
1539 531 1648 579 ἱμᾶσι
1695 527 1756 567 καὶ

1221 599 1434 650 ἐξήλαυνεν
1456 598 1593 647 ὁμίλου

1175 669 1224 710 ὡς
1246 670 1301 708 ἴδε
1321 671 1453 720 χῶρον
1475 665 1619 716 ἔρημον

1177 738 1363 785 Τυδείδης
1392 736 1433 774 δὲ
1464 736 1610 786 χαμᾶζε
1633 732 1758 784 θορὼν

1220 805 1340 857 ἔναρα
1361 804 1580 855 βροτόεντα

1177 876 1282 917 ὅπως
1313 872 1445 914 τούσδ’
1467 873 1605 912 ἵππους
1633 868 1756 920 λάβε-

1221 960 1288 983 τον

1179 1013 1324 1064 Τρώων
1343 1011 1521 1061 ἥτισφωε
1544 1009 1639 1059 πόρε

1184 1079 1362 1132 Θρηΐκιοι
1389 1078 1455 1118 τὸν
1477 1077 1519 1117 δέ
1535 1082 1631 1128 σφιν

1181 1149 1262 1199 θῆκ’
1288 1147 1507 1188 Ὀδυσσεύς

1183 1218 1301 1268 αὐτὰρ
1324 1217 1412 1256 ἐπεί
1431 1220 1529 1266 σφιν
1547 1214 1646 1263 κῦμα

1255 1334 1301 1371 Α.
1364 1329 1476 1382 (11)

1144 1456 1150 1463 .
1185 1421 1380 1474 ἀργαλέην
1402 1419 1592 1470 πολέμοιο

1144 1525 1152 1532 .
1184 1492 1207 1541 ἤ
1227 1490 1268 1542 ῥ’
1292 1492 1333 1530 ἐν
1357 1488 1543 1541 μεσσάτῳ

1144 1593 1151 1600 .
1185 1557 1280 1610 ὄρθι’
1325 1558 1551 1610 Ἀχαιοῖσιν
1586 1557 1625 1595 δὲ
1667 1555 1767 1606 μέγα

1229 1626 1369 1668 σθένος
1394 1624 1538 1675 ἔμβαλ’
1563 1623 1714 1677 ἑκάστῳ

1186 1696 1319 1750 καρδίῃ

1148 1797 1156 1805 .
1188 1764 1350 1804 πεύθετο
1372 1764 1445 1814 γὰρ
1470 1762 1669 1812 Κύπρονδε

1149 1865 1156 1873 .
1190 1834 1228 1874 ἐς
1276 1832 1421 1883 Τροίην
1460 1829 1622 1879 νήεσσιν
1675 1828 1769 1867 ἀνα-

1232 1901 1476 1940 πλεύσεσθαι

1191 1969 1370 2023 χρύσειοι
1395 1966 1623 2019 πάμφαινον

1152 2139 1159 2147 .
1192 2107 1237 2156 τῇ
1261 2104 1291 2146 δ’
1316 2105 1378 2145 ἐπὶ
1399 2103 1472 2154 μὲν
1494 2103 1628 2155 Γοργώ

1153 2207 1160 2215 .
1193 2177 1293 2225 τρεῖς
1318 2171 1584 2224 ἆμφιστεφέες

1156 2276 1162 2283 .
1197 2241 1304 2292 ὀξέα,
1334 2243 1429 2291 τῆλε
1460 2241 1502 2280 δὲ
1531 2238 1679 2292 χαλκὸς
1710 2236 1774 2277 ἀπ’

1237 2310 1405 2361 αὐτόφιν
1427 2307 1591 2359 οὐρανὸν
1613 2308 1707 2347 εἵσω

1156 2412 1163 2420 .
1196 2382 1361 2429 τιμῶσαι
1381 2378 1562 2428 βασιλῆα

1158 2480 1165 2488 .
1199 2447 1305 2487 αὐτοὶ
1327 2447 1368 2486 δὲ
1393 2444 1559 2497 πρυλέες

1159 2549 1166 2557 .
1200 2517 1307 2568 φθὰν
1329 2515 1370 2554 δὲ
1392 2512 1476 2566 μέγ’
1502 2509 1654 2563 ἱππήων

985 2596 1082 2642 374·
1131 2598 1169 2627 2·

1162 2686 1170 2695 .
1203 2651 1352 2704 αἰθέρος
1374 2648 1497 2691 οὕνεκ’
1520 2649 1666 2699 ἔμελλε

1202 2584 1320 2635 ἔρσας
1341 2583 1473 2632 αἵματι
1493 2578 1688 2631 μυδαλέας

1161 2754 1170 2762 .
1201 2722 1354 2762 πολλᾶς
1376 2720 1557 2771 ἰφθίμους

1163 2823 1170 2831 .
1203 2789 1280 2830 οἷος
1311 2786 1344 2828 δ’
1367 2788 1409 2827 ἐκ
1436 2786 1591 2838 νεφέων
1612 2784 1780 2836 ἀναφαί-

1246 2873 1351 2898 νεται
1372 2856 1503 2896 οὔλιος
1524 2851 1646 2904 ἀστήρ

1166 2960 1173 2968 .
1206 2926 1352 2967 ἄλλοτε
1373 2923 1403 2963 δ’
1430 2925 1471 2964 ἐν
1491 2920 1704 2972 πυμάτοισι

1168 3028 1175 3036 .
1208 2992 1321 3050 δῄουν
1342 2991 1420 3033 οὐδ’
1444 2991 1565 3041 ἕτεροι
