1974 3305
797 792 1231 839 ADDENDA.

910 958 1043 999 VOL.
1077 959 1113 999 I.

304 1119 407 1173 Pag.
429 1117 539 1158 xxxi.
570 1130 630 1172 13.
663 1117 759 1158 Tria
789 1131 892 1172 quae
925 1117 1073 1158 suidas
1104 1121 1307 1158 memorat
1338 1118 1425 1170 περὶ
1457 1117 1772 1171 χρηστομαθείας

244 1188 391 1238 βιβλία
411 1190 519 1226 recte
539 1185 668 1226 tribui
691 1186 834 1226 Proclo
857 1186 986 1240 Lycio
1007 1190 1050 1227 et
1069 1185 1230 1227 diversa
1255 1201 1340 1227 esse
1370 1187 1421 1226 ab
1454 1185 1773 1237 Χρηστομαθείας

245 1256 508 1307 γραμματικῆς
532 1253 648 1294 libris
675 1258 871 1307 quattuor
893 1269 916 1294 a
937 1254 1081 1295 Proclo
1111 1254 1344 1309 antiquiore
1376 1254 1540 1307 seriptis
1561 1252 1771 1293 Welekeri

245 1323 342 1374 (vol.
367 1334 390 1364 2
419 1336 458 1375 p.
481 1324 582 1376 503)
614 1322 868 1376 aliorumque
905 1323 1044 1377 opinio
1079 1338 1223 1376 parum
1256 1322 1480 1376 probabilis
1513 1325 1588 1369 est,
1624 1321 1772 1361 merito

245 1389 396 1430 reiecta,
425 1404 447 1429 a
481 1389 750 1444 Bernhardyo
783 1390 826 1430 in
857 1390 1124 1431 annotatione
1144 1391 1197 1431 ad
1221 1390 1391 1431 Suidam
1415 1406 1444 1430 s.
1468 1404 1506 1430 V.
1532 1391 1711 1440 Πρόκλος
1732 1391 1774 1428 et

244 1457 289 1497 in
312 1457 425 1498 Hist.
449 1457 532 1498 Lit.
557 1457 631 1498 Gr.
654 1458 733 1498 vol.
758 1470 781 1499 2
804 1473 842 1512 p.
869 1459 962 1513 238.

303 1524 445 1566 xxxix,
469 1524 530 1566 18.
554 1524 784 1582 Τειρεσίαν]
807 1527 1021 1580 Κάλχαντα
1039 1531 1146 1567 reete
1160 1526 1270 1580 apud
1284 1526 1479 1567 Tzetzam
1495 1525 1547 1565 ad
1565 1523 1774 1580 Lycophr.

247 1603 345 1645 427,
377 1594 427 1634 de
464 1608 544 1648 quo
582 1594 778 1635 dixerunt
812 1595 1050 1636 Meinekius
1081 1595 1125 1635 in
1156 1594 1277 1635 Anal.
1315 1593 1539 1634 Alexandr.
1572 1608 1612 1646 p.
1647 1602 1700 1644 79
1731 1595 1774 1632 et

247 1660 298 1702 R.
336 1660 496 1701 Stiehle
527 1662 571 1702 in
607 1663 955 1704 commentatione
989 1663 1039 1702 de
1073 1663 1243 1703 Νόστων
1274 1662 1456 1703 carmine
1487 1661 1530 1701 in
1566 1660 1774 1712 Plu'loloqo

246 1727 326 1770 vol.
353 1728 376 1767 8
398 1743 438 1782 p.
463 1729 530 1769 60.

303 1808 343 1849 9.
376 1806 416 1849 5.
450 1795 752 1854 Μεσσηνιακὴν]
791 1797 910 1836 Adde
931 1796 1164 1849 Ἀρκαδικήν
1186 1811 1235 1838 ex
1266 1797 1404 1838 codiee
1429 1796 1634 1850 Angelico
1665 1795 1774 1849 apud

246 1864 521 1917 Matrangam
543 1866 699 1905 Anecd.
723 1865 804 1906 vol.
831 1877 852 1906 2
876 1880 915 1918 p.
940 1866 1036 1920 384,
1061 1866 1131 1905 ubi
1155 1865 1313 1916 καὸικὴν
1336 1865 1550 1919 seriptum.

309 1945 374 1972 10.
396 1932 460 1972 16.
491 1933 696 1973 Ταντάλου
721 1935 782 1973 καὶ
802 1966 809 1973 .
832 1966 839 1973 .
860 1965 867 1972 .
887 1931 1004 1990 κατὰ]
1031 1933 1127 1974 Non
1146 1934 1343 1974 debebam
1366 1932 1480 1987 sequi
1497 1932 1775 1974 coniecturam

249 1999 441 2050 Bekkeri,
466 2000 537 2054 qui
557 2001 702 2041 matris
724 2014 874 2041 nomen
905 2001 1101 2042 excidisse
1132 2002 1309 2055 putavit.
1372 2001 1501 2042 Recte
1534 2000 1578 2040 in
1610 1999 1775 2041 scholiis

248 2067 476 2108 minoribus
506 2068 716 2109 Ταντάλου
740 2072 846 2117 κατὰ,
879 2068 1063 2122 nihilque
1085 2069 1198 2109 aliud
1220 2073 1282 2109 est
1313 2069 1509 2110 ταν-πάλου
1534 2068 1646 2118 κάτω,
1669 2068 1775 2122 quod

249 2139 314 2176 est
334 2136 378 2176 in
399 2136 453 2176 A.

312 2217 375 2244 11.
400 2217 465 2244 10.
497 2203 596 2244 Non
616 2204 742 2257 prius,
766 2205 835 2244 sed
863 2205 1040 2244 alterum
1064 2205 1124 2244 καὶ
1147 2219 1227 2244 om.
1252 2206 1303 2244 A.

312 2284 327 2311 1
342 2285 377 2312 1.
398 2284 465 2322 24.
500 2270 651 2329 Κρῖνις]
677 2272 740 2312 De
762 2272 837 2312 hoc
859 2272 1025 2313 nomine
1046 2271 1133 2312 dixi
1155 2272 1199 2311 in
1221 2271 1341 2312 Thes.
1364 2272 1443 2311 vol.
1467 2284 1495 2321 4
1516 2286 1555 2324 p.
1584 2271 1708 2324 1967.

313 2352 378 2394 13.
401 2350 580 2392 17—14.
602 2353 665 2380 10.
701 2339 781 2380 Est
813 2340 994 2381 scholion
1026 2339 1259 2394 Porphyrii,
1283 2339 1392 2392 quod
1423 2353 1446 2378 a
1478 2353 1603 2379 manu
1635 2353 1774 2380 recen-

249 2407 355 2448 tiore
390 2407 434 2447 in
469 2407 658 2462 margine
694 2408 895 2449 exteriore
931 2408 1121 2449 additum
1157 2422 1243 2448 esse
1283 2407 1369 2446 dixi
1411 2406 1452 2446 in
1494 2406 1774 2448 annotatione.

250 2474 408 2516 Eadem
439 2476 545 2517 ratio
578 2476 723 2517 scholii
756 2477 889 2517 multo
921 2475 1119 2530 longioris
1140 2474 1192 2515 ad
1218 2487 1280 2524 12,
1309 2487 1359 2514 10
1380 2489 1419 2528 p.
1442 2488 1538 2529 413,
1565 2484 1774 2527 29-415,

254 2542 293 2592 8,
316 2542 366 2583 de
396 2558 476 2597 quo
509 2543 595 2584 dixi
626 2544 669 2584 in
700 2543 959 2585 Praefatione
985 2558 1024 2597 p.
1047 2543 1133 2584 xiv.
1196 2542 1310 2582 Nam
1341 2541 1497 2595 primae
1528 2556 1675 2582 manus
1706 2556 1777 2582 ex-

252 2614 394 2664 cerpta
413 2626 463 2652 ex
484 2612 713 2666 Porphyrio
735 2612 867 2653 multo
889 2612 1073 2652 breviora
1096 2625 1179 2651 esse
1201 2610 1348 2651 solent.

315 2690 381 2733 15.
404 2693 464 2735 13.
499 2679 702 2738 ἀπέριττα]
728 2685 746 2705 *
761 2682 973 2733 ἆπόρθητα.

314 2760 380 2797 24.
399 2758 466 2801 25.
498 2749 618 2789 Adde
649 2748 893 2789 asteriscum
917 2753 948 2789 *.
1009 2746 1171 2787 Pariter
1202 2759 1269 2801 33,
1305 2758 1370 2800 23.
1404 2756 1473 2798 47,
1509 2758 1574 2788 20.
1608 2759 1674 2800 95,
1713 2758 1776 2787 11.

258 2814 352 2864 128,
377 2827 444 2866 24.
480 2829 572 2871 131,
602 2830 664 2858 12.
701 2828 792 2869 147,
827 2830 891 2857 11.
929 2824 1021 2870 153,
1056 2828 1092 2857 2.
1130 2815 1222 2863 160,
1257 2814 1322 2856 26.
1357 2814 1447 2863 182,
1483 2826 1547 2856 22.
1586 2825 1678 2866 192,
1711 2826 1778 2868 31.

254 2882 411 2923 Contra.
441 2883 627 2925 deleatur
658 2885 876 2926 asteriscus
905 2899 945 2937 p.
980 2884 1045 2933 26,
1080 2895 1146 2937 32.
1182 2882 1247 2932 88,
1286 2893 1348 2936 15.
1386 2881 1477 2931 106,
1511 2882 1549 2921 6.
1587 2891 1679 2936 175,
1716 2893 1777 2923 12.

260 2959 350 3003 179,
377 2963 440 2992 20.
