1974 3305
253 126 338 167 330

790 131 1014 169 ιΑιΑΔοΣ
1056 131 1103 168 A.
1147 128 1259 181 (11)

315 233 445 282 χρεῖος
467 229 609 282 (χρέως
629 230 684 282 Α)
713 228 910 285 ὀφείλετ’]
935 229 1085 269 δάνειον
1106 230 1363 283 ε’χρεωστεΐτο

313 296 410 337 688.

318 364 414 417 695.

314 432 411 484 697.

448 294 666 354 δαίτρευον]
691 297 861 349 ἐμέριζον
1037 294 1207 353 Ἐπειοὶ]
1232 299 1267 337 οἲ.
1290 295 1444 337 Ἠλεῖοι

449 363 681 422 ἀτάσθαλα]
708 367 929 418 ὑβριστικὰ,
952 365 1064 406 ἄδικα
1240 364 1336 417 696.
1369 366 1389 405 ὁ
1415 361 1562 421 γέρων]
1585 365 1604 404 ὁ
1632 364 1787 415 Νηλεύς

445 431 593 490 εἵλετο]
617 433 661 473 τὸ
685 433 775 484 ἑξῆς
797 434 839 473 ἐκ
861 433 895 474 δ’
919 435 939 473 ὁ
961 433 1084 486 γέρων
1107 434 1255 484 ἔλαβεν

316 500 556 556 κρινάμενος]
579 502 816 555 διαχωρίσας
838 500 1102 555 (διαχωρήσας
1122 501 1178 553 A)

316 568 413 621 699.
445 569 636 622 τέσσαρες
658 569 898 627 ἀθλοφόροι]
922 572 988 611 δύο
1011 572 1212 622 ξυνωρίδες

317 646 393 687 701
446 636 681 695 θεύσεσθαι]
707 642 939 690 δραμεῖσθαι
1116 646 1210 690 705.
1245 634 1533 694 ἀτεμβόμενος]
1557 637 1758 689 στερηθείς

317 705 412 756 706.
440 706 487 746 τὰ
510 707 654 747 ἕκαστα
677 704 895 762 διείπομεν]
919 707 1007 757 περὶ
1029 706 1156 747 πάντα
1178 708 1335 758 εἴχομεν
1357 708 1576 748 σπουδαίως

317 782 411 824 710.
447 772 643 830 θούριδος]
669 775 829 827 ταχείας
1007 784 1103 825 711.
1139 772 1374 830 Θρυόεσσα]
1399 775 1514 816 πόλις
1529 772 1698 815 ἼἸλιδος

317 851 337 890 7
350 853 411 882 12.
448 839 648 898 Ἀλφειῷ]
671 843 843 893 ποταμὸς
859 841 1034 884 ”Ηλιδος

316 919 411 963 713.
448 907 690 966 διαρραῖσαι]
715 913 935 962 διαφθεῖραι
1109 920 1203 961 714.
1235 907 1484 966 μετεκίαθον]
1509 908 1769 962 παρεγένοντο

318 977 412 1028 716.
446 976 626 1035 ἔννυχος]
651 981 691 1019 ἐν
718 981 828 1019 νυκτί
1003 989 1097 1032 723.
1132 976 1316 1035 Ἀρήνης]
1340 980 1453 1021 πόλις
1481 979 1615 1019 Πύλου

317 1045 412 1096 726.
447 1044 584 1103 ἔνδιοι]
608 1049 706 1098 μετὰ
730 1048 982 1099 μεσημβρίαν

316 1113 412 1164 728.
446 1112 644 1171 Ἀλφειῷ]
667 1116 838 1166 ποταμός
861 1115 926 1168 (πό
947 1114 1014 1155 hic
1036 1118 1077 1155 eb
1097 1114 1197 1155 alibi
1217 1115 1271 1167 A)

316 1190 411 1233 729.
446 1181 656 1240 ἀγελαίην]
683 1185 724 1224 ἐν
746 1183 868 1239 ἀγέλῃ
891 1184 946 1224 ἔτι
968 1182 1090 1224 οὖσαν
1112 1184 1337 1234 ἀδάμαστον

317 1258 411 1304 735.
442 1249 553 1307 εὖτε]
582 1253 700 1293 ὁπότε
873 1249 1135 1308 ὑπερέσχεθε]
1158 1251 1365 1305 ὑπερέσχε,
1390 1250 1640 1304 συνεμάχησε

319 1319 412 1373 736.
451 1318 780 1376 συμφερόμεσθα]
801 1320 882 1371 ἅμα
905 1322 1194 1373 συνηνέχθημεν

317 1396 412 1439 749.
446 1387 545 1438 ὀδὰξ
564 1388 657 1429 ἕλον
678 1386 813 1444 οὖδας]
837 1393 916 1431 τοῖς
938 1390 1072 1429 ὀδοῦσι
1093 1389 1163 1439 τὴν
1184 1391 1258 1441 γῆν
1281 1389 1420 1429 ἕδακον
1442 1388 1674 1439 θνήσκοντες

317 1464 412 1507 754.
446 1458 508 1496 διὰ
533 1454 712 1513 σπιδέος]
729 1457 946 1508 ’ἐπιμήκους
969 1458 1031 1498 καὶ
1051 1461 1199 1509 μακροῦ

317 1532 412 1575 755.
444 1523 651 1582 λέγοντες]
676 1525 910 1578 συνάγοντες

317 1592 411 1644 756.
448 1593 716 1650 Βουπρασίου]
745 1595 860 1636 πόλις
881 1594 1051 1637 ’Ί-Ιλιδος
1074 1594 1186 1648 (ι”λιδο
1208 1595 1262 1648 A)

317 1660 412 1712 758.
445 1659 663 1718 ἀπέτραπε]
688 1658 908 1715 ἀνέστρεψε
930 1664 1104 1714 σημείοις
1125 1665 1210 1703 τισί

316 1738 411 1781 759.
445 1728 640 1787 πύματον]
664 1730 836 1784 ἔσχατον

317 1798 412 1848 761.
446 1797 639 1855 Νέστορι]
665 1799 748 1839 ἀντὶ
769 1803 837 1839 τοῦ
861 1800 949 1850 ἐμοί

315 1866 410 1920 763.
446 1865 705 1924 ἀπονήσεται]
731 1869 773 1908 ἐν
800 1869 1018 1910 ἀπολαύσει
1042 1869 1251 1921 γενήσεται

316 1944 410 1989 773.
443 1933 590 1992 χόρτῳ]
615 1937 655 1976 ἐν
675 1940 726 1990 τῷ
749 1941 893 1991 τριγχῷ
1070 1934 1253 1993 ἄλεισον]
1279 1936 1462 1989 ποτήριον

316 2011 410 2055 775.
445 2002 681 2060 αἰθομένοις]
707 2004 918 2055 καιομένοις

316 2071 411 2123 776.
446 2070 572 2129 σφῶϊ]
596 2073 703 2123 ὑμεῖς
878 2071 1034 2130 ἕπετον]
1060 2077 1129 2114 νῦν
1152 2075 1347 2127 ἐνεργεῖτε

316 2140 410 2192 778.
444 2143 539 2181 κατὰ
561 2140 593 2181 δ’
616 2139 865 2198 ἑδριάασθαι]
891 2142 1122 2192 καθέζεσθαι
1144 2143 1186 2183 δέ

314 2208 408 2259 780.
442 2206 661 2266 τάρπημεν]
686 2209 950 2261 ἐκορέσθημεν
1127 2210 1222 2262 782.
1256 2209 1367 2268 σφὼ]
1393 2213 1499 2262 ὑμεῖς

313 2276 408 2328 784.
437 2275 669 2333 ὑπείροχον]
697 2278 942 2331 ὑπερέχοντα
1119 2278 1214 2331 788.
1248 2277 1422 2336 φάσθαι]
1448 2280 1545 2332 λέγε

312 2345 406 2399 789.
441 2344 667 2402 σημαίνειν]
692 2346 775 2386 ἀντὶ
797 2349 864 2386 τοῦ
886 2348 1066 2397 σήμαινε,
1088 2346 1210 2397 μήνυε

311 2424 405 2469 793.
438 2413 701 2472 παραίφασις]
727 2416 950 2467 συμβουλὴ,
979 2417 1209 2467 παραίνεσις

311 2480 484 2539 ἑταίρου]
510 2484 659 2535 ἀγαθοῦ
683 2485 807 2536 φίλου

311 2560 407 2604 795.
442 2550 656 2608 ἐπέφραδε]
686 2552 771 2593 εἶπε
949 2553 1044 2605 796.
1079 2551 1250 2609 προέτω]
1279 2554 1554 2607 προπεμψάτω

312 2630 408 2673 799.
436 2618 633 2677 ἴσκοντες]
659 2622 882 2670 ὁμοιοῦντες

311 2690 406 2742 807.
439 2691 501 2730 ἵνα
523 2687 616 2746 σφ’]
641 2691 737 2730 ὅπου
759 2689 889 2732 αὐτοῖς

311 2757 408 2809 809.
443 2756 738 2814 ἀντεβόλησεν]
764 2757 951 2811 συνέτυχε

313 2826 408 2867 812.
441 2825 586 2883 νότιος]
610 2827 724 2878 ὑγρὸς
746 2825 768 2877 ἢ
790 2828 914 2869 πολύς

313 2894 408 2948 813.
443 2893 645 2951 κελάρυζε]
670 2897 768 2946 μετὰ
789 2895 886 2950 ἤχου
910 2896 1122 2948 ἀνεφέρετο
1301 2895 1486 2954 ἔμπεδος]
1512 2897 1697 2950 ἀσφαλής

313 2962 406 3003 818,

441 2962 571 3018 ἄσειν]
597 2965 772 3016 κορέσειν
948 2965 1078 3016 ἀργέτι
1100 2964 1226 3021 δημῷ]
1252 2967 1302 3020 τῷ
1325 2970 1450 3021 λευκῷ
1474 2967 1582 3007 λίπει

1806 509 1828 547 5

1812 853 1858 877 10

1811 1545 1859 1569 20

1808 2228 1858 2264 30

1806 2566 1854 2604 35

1804 2909 1852 2943 40
