1974 3305
238 140 323 178 318

245 457 336 483 101.

247 933 338 962 102.

246 1207 338 1249 103.

249 1480 340 1517 ¹04·

246 1820 340 1863 105.

251 2225 343 2265 106.

852 141 1079 178 ΙΛΙΑΔΟΣ
1122 141 1164 178 Β.

386 254 424 290 9.
460 241 559 295 καλῇ
580 240 654 279 ὑπὸ
677 240 930 294 πλατανίστῳ

360 322 423 357 14.
457 310 660 359 στρουθοῖο

356 375 422 415 28.
454 378 591 426 βωμοῦ
612 375 778 426 ὑπαΐξας

385 443 423 484 6.
457 444 530 497 ὄζῳ
553 442 614 484 ἐπ’
637 444 832 499 ἀκροτάτῳ

358 525 422 552 10.
455 512 530 553 ἔνθ’
553 514 622 564 ὅγε
642 513 732 555 τοὺς
753 513 902 554 ἐλεεινά

360 580 423 620 18.
456 580 523 621 τὸν
542 582 614 631 μὲν
635 582 818 633 ἀρίζηλον

358 661 424 703 23.
456 649 565 700 ἡμεῖς
607 648 637 689 δ’
674 651 856 693 ἑσταότες
894 650 1038 700 θαυμά-

502 718 614 767 ζομεν

360 796 426 837 25.
459 785 642 837 ἐγένεσθε
663 800 743 825 om.

359 852 423 893 28.
457 854 507 896 ὡς
527 854 636 903 ἡμεῖς
657 854 845 893 τοσσαῦτ’

388 921 423 960 8.
457 919 509 963 ὣς
529 921 656 974 ἔφατ’,
681 921 855 974 Ἀργεῖοι
885 923 926 962 δὲ
954 921 1040 974 μέγ’

500 992 617 1043 ἴαχον

360 1071 423 1099 12.
457 1058 640 1110 Γερήνιος
662 1060 806 1099 ἱππότα
827 1058 991 1110 Νέστωρ

357 1135 424 1177 25.
456 1127 507 1182 πῇ
531 1127 575 1177 δὴ
598 1128 804 1167 συνθεσίαι

386 1207 425 1249 3.
456 1195 508 1250 πῇ
532 1195 576 1245 δὴ
600 1195 804 1236 συνθεσίαι
826 1212 868 1236 τε

359 1275 380 1302 2
418 1295 425 1303 .
458 1263 550 1314 πρὶν
564 1261 756 1315 ”Αργοσδ’
780 1264 879 1304 ἰέναι

359 1343 425 1383 29.
458 1333 532 1372 εἴτε
553 1335 699 1384 ψεῦδος
719 1333 935 1385 ὑπόσχεσις

358 1413 425 1454 31.
458 1401 650 1452 γνώμεναι
673 1402 749 1441 εἴτε
769 1404 917 1453 ψεῦδος

390 1478 428 1519 7.
460 1469 648 1509 τίσασθαι
669 1469 702 1509 δ’
722 1468 888 1519 Ἑλένης

363 1537 427 1577 18.
461 1538 565 1577 ἀλλὰ
586 1538 689 1588 ἄναξ
708 1538 820 1580 αὐτός
842 1537 875 1578 τ’
899 1538 940 1578 εὗ

361 1618 427 1647 20.
461 1607 522 1647 καὶ
544 1608 712 1659 ἀφραδίῃ
735 1607 921 1658 πολέμοιο

361 1683 427 1725 25.
460 1675 483 1725 ἦ
505 1676 655 1727 ἀνδρῶν
676 1677 855 1725 κακότητι

360 1742 427 1784 28.
461 1744 614 1784 ἁλοῦσά
634 1761 677 1785 τε
699 1743 915 1796 περθομένη
938 1760 982 1784 τε

389 1825 427 1866 3.
461 1811 500 1852 αἲ
531 1814 604 1865 γὰρ
639 1816 714 1853 Ζεῦ
747 1829 790 1853 τε
823 1812 944 1864 πάτερ
981 1812 1042 1852 καὶ

507 1880 696 1932 Ἀθηναίη

389 1949 428 1989 6.
461 1953 513 1989 τῶ
536 1967 577 1990 κε
598 1949 684 2003 τάχ’
704 1950 865 2001 ἠμύσειε

365 2030 378 2056 1
392 2028 428 2069 7.
462 2021 531 2058 νῦν
552 2017 584 2058 δ’
607 2019 762 2070 ἔρχεσθ’
783 2019 845 2058 ἐπὶ
867 2020 1028 2058 δεῖπνον

361 2099 428 2136 24.
462 2087 512 2128 ὥς
534 2103 576 2127 κε
597 2085 827 2138 πανημέριοι

363 2167 429 2207 27.
463 2153 667 2205 κρινώμεθ’
684 2153 803 2204 ’Ἄρηϊ

391 2224 429 2264 6.
463 2223 626 2265 ἀσπίδος
668 2224 915 2275 ἀμφιβρότης
955 2224 1042 2276 (de-

504 2292 639 2331 leatur
659 2291 903 2333 asteriscus:
941 2305 1039 2331 nam

505 2359 691 2401 scholion
716 2363 779 2400 est
798 2374 884 2401 non
912 2358 1042 2400 inter-

504 2428 751 2484 marginahe,
783 2429 854 2469 sed
886 2428 1043 2483 margi-

506 2498 614 2551 nale)

393 2580 432 2620 9.
464 2567 597 2619 ἄρκιον
619 2568 794 2607 ἐσσεῖται

367 2650 382 2675 1
396 2649 431 2677 1.
463 2637 593 2689 (Ante
615 2637 636 2675 ὁ
658 2637 794 2688 λόγος)
821 2636 954 2687 ἄρκιον
979 2637 1043 2676 ἐσ-

507 2708 634 2745 σεῖται
656 2705 819 2756 φυγέειν

370 2787 420 2823 ¹4
441 2777 483 2813 eb
510 2774 572 2814 16.
605 2774 796 2814 παντοίων
818 2773 968 2824 ἀνέμων

368 2854 431 2881 21.

368 2921 431 2960 25.

367 2990 431 3028 30.

466 2843 674 2893 κίκλησκεν
696 2844 736 2882 δὲ
759 2843 948 2894 γέροντας

466 2911 662 2962 ἀδελφεὸν
684 2912 733 2953 ὡς
755 2912 929 2951 ἐπονεῖτο

465 2981 650 3019 αἰθαλόεν
671 2981 816 3030 πρῆσαι

1208 140 1262 190 (2

1279 138 1292 189 )

1112 250 1204 290 107.
1252 248 1291 290 5.
1325 238 1413 279 ἀλλ’
1457 241 1524 291 ὅγε
1565 240 1675 280 δέκτο
1715 243 1788 291 μὲν
1830 243 1903 293 ἱρὰ,

1365 308 1490 347 πόνον
1511 307 1544 347 δ’
1566 309 1759 348 ἀλίαστον

1227 389 1291 429 13.
1324 375 1491 428 δίπτυχα
1511 375 1745 426 ποιήσαντες

1227 452 1290 495 15.
1324 444 1442 494 αὐταρ
1465 444 1548 484 ἐπει
1571 444 1667 484 κατὰ
1688 443 1775 496 μῆρ’
1799 443 1894 494 ἐκάη

1224 524 1276 565 29
1299 515 1341 552 et
1366 512 1516 552 108.1.
1547 512 1681 563 μηκέτι
1707 515 1776 552 νῦν
1801 512 1886 562 δήθ’

1113 580 1205 621 108.
1252 589 1291 632 5.

1254 658 1292 700 7.

1164 752 1171 758 .
1228 729 1292 758 12.

1227 795 1292 837 17.

1285 886 1292 894 .
1326 853 1400 894 σὺν
1421 855 1464 908 τῇ
1486 853 1778 905 παιφάσσουσα

1114 934 1206 974 109.
1254 934 1293 976 3.

1285 1022 1292 1030 .
1324 993 1427 1030 τοῖσι
1450 989 1484 1029 δ’
1506 989 1613 1042 ἄφαρ
1633 990 1806 1040 πόλεμος

1116 1614 1282 1657 111.15

1116 1960 1209 1988 112.

1324 580 1344 620 ὃ
1367 581 1412 630 δη
1435 580 1520 622 θεὸς
1541 580 1765 663 ἐγγυαλίζει

1325 648 1417 688 ἀλλ’
1439 650 1509 701 ἄγε
1532 648 1691 699 κήρυκες
1715 665 1788 699 μεν

1323 717 1421 767 μετὰ
1450 718 1491 757 δὲ
1519 721 1741 768 γλαυκῶπις
1760 715 1907 766 Ἀθήνη

1325 784 1499 837 ἀγήραον
1519 783 1715 834 ἀθανάτην
1735 801 1777 825 τε

1325 922 1457 976 καρδίῃ
1479 921 1673 971 ἄλληκτον

1286 1091 1293 1099 .
1322 1056 1415 1108 ἠΰτε
1436 1061 1510 1109 πῦρ
1532 1057 1692 1108 ἀΐδηλον

1286 1159 1294 1167 .
1327 1128 1445 1178 αἴγλη
1467 1127 1746 1177 παμφανόωσα

1327 1193 1449 1235 Ἀσίω
1473 1195 1514 1235 ἐν
1534 1198 1695 1245 λειμῶνι

1328 1264 1423 1304 ἔνθα
1445 1262 1506 1302 καὶ
1528 1263 1620 1303 ἔνθα
1641 1265 1834 1302 ποτῶνται

1287 1364 1295 1372 .
1326 1332 1636 1383 προκαθιζόντων

1116 1413 1208 1440 110.
1255 1413 1295 1450 4.

1287 1501 1295 1509 .
1327 1470 1416 1511 τοὺς
1437 1467 1470 1509 δ’
1493 1467 1586 1508 ὥστ’
1609 1468 1772 1508 αἰπόλια

1325 1401 1579 1454 Σκαμανδρίῳ
1602 1400 1832 1450 ἀνθεμόεντι

1287 1570 1295 1578 .
1327 1539 1458 1579 ἴκελος
1480 1538 1545 1577 Διὶ
1568 1536 1850 1590 τερπικεραύνῳ

1304 1610 1346 1646 et
1369 1618 1434 1646 21.
1464 1605 1603 1645 ἔσπετε
1626 1607 1694 1645 νῦν
1715 1621 1781 1655 μοι
1799 1607 1909 1644 Mo&-

1371 1691 1439 1714 σαι

1288 1775 1295 1783 .
1327 1744 1433 1793 ὑμεῖς
1454 1742 1529 1794 γὰρ
1551 1742 1637 1782 θεαί
1655 1743 1746 1782 ἐστε

1287 1844 1295 1852 .
1328 1809 1417 1851 οὐδέ
1448 1827 1484 1850 τι
1514 1812 1623 1861 ἴδμεν
1653 1810 1791 1851 οἵτινες
1821 1809 1910 1861 ἡγε-

1366 1882 1482 1929 μόνες

1288 1980 1295 1988 .
1329 1947 1407 1988 οὐδ’
1417 1949 1454 1988 εἴ
1463 1964 1529 1997 μοι
1538 1946 1632 1987 δέκα
1645 1945 1717 1998 μὲν
1725 1949 1910 1999 γλῶσσαι

1289 2050 1296 2057 .
1330 2020 1510 2057 Βοιωτῶν
1525 2018 1597 2067 μὲν
1614 2013 1826 2066 Πηνέλεως
1848 2014 1910 2058 καὶ

1117 2168 1209 2209 113.
1258 2155 1297 2195 6.

1116 2237 1209 2274 114.

1370 2084 1514 2135 Λήϊτος
1533 2084 1658 2138 ἦρχον

1331 2157 1512 2194 Βοιωτῶν
1531 2155 1604 2204 μὲν
1626 2150 1838 2203 Πηνέλεως

1287 2256 1295 2263 .
1328 2224 1368 2263 οἵ
1385 2222 1420 2262 θ’
1441 2221 1577 2274 ’Ὑρίην
1598 2221 1780 2272 ἐνέμοντο

1288 2325 1296 2332 .
1330 2292 1480 2332 Αὐλίδα
1501 2289 1754 2341 πετρήεσσαν

1289 2393 1297 2401 .
1331 2360 1516 2401 Θέσπιαν
1537 2358 1682 2410 Γραῖάν
1702 2375 1744 2398 τε

1116 2438 1210 2481 115.
1257 2442 1296 2483 3.

1289 2530 1297 2538 .
1331 2498 1472 2548 Κώπας
1495 2496 1690 2548 Εὔτρησίν
1711 2513 1752 2537 τε

1329 2429 1369 2468 οἵ
1385 2427 1421 2467 τ’
1442 2426 1608 2468 Ἐλεῶν’
1631 2427 1738 2479 εἶχον

1290 2598 1298 2606 .
1330 2566 1430 2606 οἵτε
1454 2564 1760 2617 πολυστάφυλον

1233 2647 1297 2676 12.

1234 2703 1298 2744 18.

1233 2785 1298 2813 ΖΟ.

1231 2853 1283 2895 23
1307 2844 1349 2880 eb
1372 2851 1437 2891 27.
1461 2840 1578 2890 αὐτὰρ
1599 2839 1773 2890 Φωκήων

1330 2636 1367 2674 οἱ
1388 2633 1418 2674 δ’
1444 2633 1682 2685 Ἀσπληδόν’

1330 2703 1518 2754 ὑπερώϊον
1540 2705 1594 2744 εἰς
1616 2703 1802 2754 ἀναβᾶσα

1331 2775 1406 2812 τῶν
1423 2772 1464 2812 δὲ
1485 2770 1689 2822 τριήκοντα
1709 2771 1913 2823 γλαφυραί

1231 2921 1298 2962 30.
1330 2909 1428 2949 υἱέες
1450 2907 1598 2959 Ἰφίτου

1230 2990 1297 3031 33.
1331 2977 1367 3017 οἳ
1391 2976 1646 3028 Κυπάρισσον
1668 2975 1761 3028 ἔχον
