1974 3305
208 121 292 161 368

210 506 278 547 39-

209 779 279 817 40.

209 848 279 886 41.

213 2694 281 2733 49

809 122 1034 161 nnAAOE
1076 123 1280 174 O.(15)

324 233 360 273 7.
395 225 464 262 νῦν
495 224 535 262 δὲ
563 225 633 261 σεῦ
663 221 873 272 ὠνοσάμην
904 221 1005 275 πάγ-

440 306 489 341 χυ
511 289 656 341 φρένας
678 290 759 330 οἷον
781 290 906 332 ἔειπες

301 369 365 409 17.
397 357 542 399 Τυδέος

298 438 364 479 23.
398 425 531 476 ἄγριος
553 425 620 475 ἠδὲ
643 426 765 476 μέλας

322 507 362 543 4.
397 494 458 533 καὶ
480 493 562 533 θεοὶ
584 494 702 534 ἄλλοι

300 561 366 602 16.
398 563 545 616 ἐγχείῃ,
569 563 616 602 τὰ
637 564 676 603 δὲ
698 563 859 613 μέλλετ’

300 629 364 670 18.
397 630 498 670 δεῦτ’
516 632 624 681 ἴομεν
643 631 862 681 πολέμονδε

299 711 365 749 24.
399 700 441 738 ἐκ
461 701 619 749 βελέων
637 698 690 749 μή
711 716 784 739 που
804 717 860 741 τις

332 780 366 808 1.
400 768 464 806 σοὶ
485 765 518 806 δ’
536 768 641 807 οὔπω
662 766 771 817 μάλα
792 767 925 820 πάγχυ

325 848 366 885 4.
399 837 663 875 πολυπίδακος
680 832 786 884 Ἴδης

328 913 365 954 7.
398 903 530 942 ἐλθεῖν
552 903 590 944 ἐς
606 901 716 952 Ἴδην

301 985 365 1022 14.
399 968 531 1021 κληῗδι
556 974 699 1027 κρυπτῇ

302 1050 366 1092 17.
399 1039 476 1081 ἔνθ’
495 1039 555 1093 ἥγ’
576 1043 815 1081 εἰσελθοῦσα

299 1121 366 1150 20.
400 1110 598 1160 ἀμβροσίῃ
619 1111 692 1159 μὲν
710 1113 862 1161 πρῶτον

300 1190 366 1219 22.
399 1179 552 1228 λύματα
575 1177 703 1218 πάντα
725 1178 892 1230 κάθηρεν

301 1246 367 1287 26.
401 1247 604 1301 ἀμβροσίῳ
629 1248 750 1302 ἑδανῷ

329 1328 366 1369 3.
400 1315 604 1369 ἀμβροσίῳ
629 1316 752 1369 ἑδανῷ

330 1395 367 1435 7.
400 1387 465 1423 τοῦ
489 1384 550 1423 καὶ
573 1384 787 1434 κινυμένοιο

304 1464 367 1493 12.
402 1452 523 1502 ἔμπης
545 1453 582 1494 ἐς
603 1452 720 1504 γαῖάν
741 1469 784 1492 τε

304 1531 367 1572 17.
399 1520 449 1575 τῷ
471 1520 502 1572 ῥ’
525 1520 596 1572 ἥγε
616 1522 716 1573 χρόα
749 1520 869 1561 καλὸν
901 1521 1008 1561 ἀλει-

446 1589 606 1641 φαμένη

301 1667 368 1708 25.
399 1658 584 1712 χρυσείῃς
631 1655 660 1696 δ’
712 1657 862 1707 ε’νέτῃσι
914 1660 1010 1698 κατὰ

447 1728 588 1776 στῆθος
614 1728 803 1777 περονᾶτο

302 1804 368 1844 27.
401 1794 532 1834 ἐκείνω
556 1792 645 1846 (Sic)
667 1792 704 1845 γ’
723 1794 883 1834 ἐπέεσσι

361 1893 368 1900 .
403 1862 568 1912 Πιερίην
589 1859 620 1901 δ’
638 1863 812 1912 ἐπιβᾶσα

364 1962 371 1970 .
404 1932 503 1970 ὄσσε
525 1931 675 1981 φαεινώ
698 1945 779 1970 om.

358 2029 365 2037 .
397 1999 576 2051 χρύσεον,
589 1997 820 2049 ”Ηφαιστος
843 1999 884 2040 δέ
906 1998 934 2039 κ’

362 2098 370 2106 .
404 2067 465 2106 καὶ
486 2067 585 2106 ἄλλο
607 2066 673 2117 τεή

360 2167 367 2174 .
399 2133 591 2186 ῥιπτάζων
613 2137 709 2175 κατὰ
731 2138 838 2186 δῶμα
860 2136 971 2178 θεούς

360 2234 367 2242 .
401 2203 466 2242 καί
491 2202 534 2242 κέ
554 2201 590 2253 μ’
615 2204 750 2244 ἄϊστον
770 2203 832 2245 ὑπ’
857 2204 1009 2255 αἰθέρος

441 2271 595 2322 ἔμβαλε
616 2273 746 2326 πόντῳ

360 2371 367 2379 .
400 2341 422 2389 ῆ
450 2339 539 2392 (sie)
561 2339 638 2392 φής

359 2440 366 2448 .
400 2406 488 2448 ἀλλ’
507 2407 570 2458 ἴθ’,
589 2409 664 2460 ἐγὼ
688 2409 730 2449 δέ
750 2426 793 2449 κε
815 2426 874 2450 τοι

360 2509 366 2516 .
399 2477 486 2518 τοὺς
528 2477 828 2529 ὑποταρταρίους
869 2477 906 2518 οἳ
940 2482 1006 2518 Τι-

442 2548 551 2596 τῆνες
572 2546 777 2587 καλέονται

360 2646 367 2653 .
399 2614 618 2665 μακροτάτη
640 2618 811 2666 πεφυυῖα
832 2613 880 2654 δι’
898 2614 1009 2666 ἠέρος

361 2715 366 2721 .
401 2683 483 2723 οἷον
513 2684 578 2723 ὅτε
614 2684 768 2735 πρῶτόν
799 2700 869 2735 περ
901 2685 1009 2734 ε’μισ-

442 2750 590 2802 γέσθην

361 2851 367 2858 .
400 2819 510 2859 ἵπποι
531 2818 562 2859 δ’
582 2819 625 2860 οὐ
655 2819 827 2871 παρέασι
856 2820 919 2861 καὶ
941 2820 1006 2872 ἅρ-

443 2904 545 2936 ματα

363 2986 368 2992 .
402 2955 509 2995 ἵπποι
532 2956 563 2995 δ’
584 2958 624 2996 ἐι·
647 2958 884 3008 πρυμνωρείῃ

1076 300 1144 342 50.

1076 982 1144 1027 53·

1078 1188 1146 1231 54-

1079 1326 1146 1369 55-

1078 2146 1146 2189 59·

1077 2556 1145 2599 59·

1079 2819 1147 2860 60.

1081 2957 1148 2996 61.

1167 236 1231 276 19.

1195 304 1230 332 1.

1166 371 1230 412 19.

1136 460 1144 468 .
1193 440 1231 481 9.

1167 504 1231 548 15.

1167 576 1231 617 19.

1137 732 1144 740 .
1166 711 1232 741 20.

1164 849 1231 887 24.

1165 917 1232 957 29.

1194 984 1231 1024 7.

1169 1122 1231 1152 12.

1195 1191 1234 1220 2.

1165 1247 1232 1289 28.

1168 1328 1232 1358 12.

1169 1384 1233 1425 18.

1167 1465 1234 1493 20.

1140 1555 1147 1562 .
1199 1535 1232 1561 1.

1194 1591 1232 1630 6.

1169 1671 1233 1710 19.

1139 1738 1233 1778 ,19.

1167 1806 1233 1835 22.

1165 1876 1233 1917 31.

1139 1932 1234 1971 .16.

1167 2009 1233 2052 25.

1198 2149 1233 2176 Ι.

1194 2281 1232 2325 5.

1169 2557 1232 2586 12.

1168 2692 1232 2733 17.

1167 2762 1233 2803 27.

1170 2832 1234 2861 12.

1168 2889 1233 2928 28.

1228 2990 1235 2997 .
1269 2954 1378 3004 εἵαθ’,
1403 2957 1422 2995 ὁ
1447 2958 1478 2994 δ’
1502 2954 1681 3008 ἀργαλέῳ

1263 227 1332 264 νῦν
1351 225 1393 264 δὲ
1415 226 1485 264 σεῦ
1506 225 1633 265 εἵνεκα

1263 290 1340 332 οὐδ’
1359 292 1423 332 ὅτε
1445 309 1516 343 περ
1539 294 1697 343 Δανάης

1265 359 1339 400 οὐδ’
1364 359 1584 411 Ἀλκμήνης
1606 362 1648 401 ἐν
1671 358 1812 412 Θήβης

1264 426 1346 468 οὐδ’
1363 428 1428 468 ὅτε
1449 445 1520 479 περ
1543 428 1717 479 Σεμέλης

1264 496 1313 537 ὡς
1335 496 1403 536 σέο
1426 499 1494 536 νῦν
1515 496 1652 547 ἔραμαι

1265 566 1440 605 αἰνότατε
1466 565 1645 616 Κρονίδη,
1667 567 1782 605 ποῖον
1803 565 1873 605 τὸν

1301 634 1423 681 μῦθον
1445 632 1570 673 ἔειπες

1265 699 1409 740 πυκνὸν
1431 701 1491 740 καὶ
1521 701 1701 750 μαλακὸν
1722 700 1765 743 ὃς
1795 700 1872 741 ἀπὸ

1306 768 1449 821 χθονὸς
1469 767 1594 820 ὑψόσ’
1612 769 1721 821 ἔεργε

1265 837 1450 878 στιλπναὶ
1472 836 1502 878 δ’
1519 835 1740 879 ἀπέπιπτον

1267 906 1397 957 ἔερσαι

1264 972 1437 1025 Ἀργεῖοι
1469 973 1530 1014 καὶ
1557 972 1591 1014 δ’
1609 974 1699 1015 αὖτε
1723 976 1871 1026 μεθείε-

1305 1040 1549 1094 μεναΕκτορι
1570 1043 1678 1093 νίκην

1264 1109 1501 1161 παναίθησιν

1267 1181 1309 1220 ἐν
1331 1178 1396 1219 δάϊ
1416 1180 1612 1234 λευγαλέῃ

1265 1248 1352 1288 οὔτε
1375 1247 1494 1298 πυρὸς
1514 1249 1659 1290 τόσσος
1684 1265 1729 1300 γε

1266 1317 1368 1367 ὅσση
1390 1317 1464 1367 ἄρα
1483 1317 1629 1368 Τρώων

1265 1384 1349 1434 ἤτοι
1372 1385 1392 1424 ὁ
1411 1384 1483 1435 μὲν
1505 1384 1644 1427 σάκεος

1266 1453 1319 1492 τώ
1341 1454 1378 1493 οἱ.
1397 1452 1598 1504 ῥυσάσθην

1267 1523 1316 1563 ὡς
1338 1521 1648 1574 ἔπεσ’”Εκτορος
1670 1521 1750 1563 ὦκα

1266 1592 1302 1630 οἱ
1323 1593 1364 1631 δὲ
1383 1591 1484 1642 μέγα
1506 1591 1684 1644 ἰάχοντες

1268 1659 1448 1708 ἑζόμενος
1470 1658 1504 1698 δ’
1522 1659 1583 1699 ἐπὶ
1604 1662 1725 1711 γοῦνα

1266 1725 1415 1778 γνωτὸν
1435 1725 1490 1766 ἐνὶ
1509 1725 1692 1778 μεγάροις

1267 1794 1454 1846 ἀνασχών
1475 1808 1555 1834 om.

1266 1864 1286 1902 ὁ
1308 1863 1350 1902 δὲ
1372 1865 1427 1913 φῆ
1451 1863 1610 1902 κώδειαν

1266 1931 1372 1972 ὅστις
1394 1929 1439 1979 δὴ
1460 1933 1609 1980 πρῶτον

1264 1998 1463 2050 Ἀτρείδης
1477 1997 1506 2038 δ’
1523 1997 1582 2049 ἄρ’
1597 1998 1719 2039 ἔπειθ’
1732 1998 1874 2052 εὙπερ-

1308 2065 1430 2118 ήνορα

1266 2135 1310 2176 οὐ
1345 2135 1420 2187 γάρ
1456 2136 1492 2175 οῖ
1526 2152 1584 2178 τις
1624 2137 1754 2186 ὁμοῖος
1795 2137 1876 2177 ε’πι-

1308 2203 1477 2244 σπέσθαι
1499 2204 1616 2244 ποσὶν
1636 2203 1703 2254 ἦεν

1266 2273 1412 2324 ἀνδρῶν
1431 2272 1680 2322 τρεσσάντων

1377 2440 1426 2476 Ο.
1469 2437 1586 2486 (15)

1265 2545 1382 2595 αὐτὰρ
1408 2545 1492 2585 ἐπεὶ
1520 2544 1582 2584 διά
1603 2561 1645 2584 τε
1675 2545 1874 2585 σκόλοπας

1309 2613 1370 2652 καὶ
1391 2613 1543 2664 τάφρον
1564 2612 1716 2663 ἔβησαν

1265 2682 1417 2732 ἔβησαν

1265 2751 1414 2804 χλωροὶ
1434 2750 1527 2790 ὑπαὶ
1548 2750 1671 2792 δείους

1269 2819 1481 2871 Ἀργείους,
1507 2820 1603 2869 μετὰ
1624 2818 1666 2859 δέ
1686 2824 1759 2870 σφι

1267 2890 1334 2938 κῆρ
1356 2888 1584 2928 ἀπινύσσων
