1974 3305
205 119 291 159 354

325 233 390 270 24.

209 357 389 409 229.18.

380 455 388 463 .
421 423 513 473 νηὸν
542 422 750 474 Ἀθηναίης
779 424 1002 476 γλαυκώπι-

206 570 300 611 230.

203 911 296 953 231.
348 913 383 940 1.

192 2006 286 2048 233.
334 2007 373 2048 3.

186 2414 368 2457 234.27.

300 2552 365 2595 29.

186 2618 365 2662 235.17.

302 2690 364 2730 19.

299 2756 365 2785 22.

300 2824 365 2862 24.

185 2880 278 2933 236.
329 2892 365 2921 2.

822 122 1047 160 [ΛιΑΔοΣ
1090 124 1134 160 z.
1178 120 1261 172 (6)

423 222 567 272 πρηνὴς
620 222 660 261 ἐν
715 222 892 276 κονίῃσιν
943 222 1005 261 ἐπὶ

466 290 592 338 στόμα

424 356 641 406 Πριαμίδης
656 354 822 397 ’Έλενος

463 494 526 533 δος
548 493 589 532 ἐν
609 493 723 533 πόλει
745 493 840 548 ἄκρῃ

379 590 387 599 .
420 561 543 600 θεῖναι
565 559 770 611 Ἀθηναίης

378 659 385 668 .
419 628 555 680 ἄγριον
577 629 768 681 αἰχμητήν

418 697 577 748 Τρωσὶν
598 696 845 748 ἀλεξήσοντα

377 796 385 804 .
419 764 550 815 ἀνέρες
571 765 662 805 ἔστε
684 766 797 817 φίλοι

377 864 384 872 .
418 834 512 873 εἵπω
533 836 775 884 βουλευτῇσι

417 901 516 953 ἀμφὶ
539 900 582 941 δέ
598 918 665 952 μιν

374 1001 381 1008 .
416 972 591 1011 Γλαῦκος
652 969 686 1009 δ’
740 969 1000 1024 Ἱππολόχοιο

457 1037 545 1079 πάϊς

413 1107 449 1145 οἱ
483 1105 515 1145 δ’
547 1106 613 1147 ὅτε
646 1107 692 1157 δὴ
724 1106 867 1160 σχεδὸν
897 1106 999 1158 ἦσαν

455 1175 515 1214 ἐπ’
538 1174 777 1225 ἀλλήλοισιν
799 1176 923 1218 ἰόντες

372 1273 379 1281 .
412 1242 502 1282 οὐδὲ
522 1243 598 1295 γὰρ
620 1243 664 1283 οὐ
688 1245 892 1295 Δρύαντος

372 1342 379 1350 .
413 1311 454 1353 ὅς
475 1327 569 1352 ποτε
589 1311 839 1363 μαινομένοιο

198 1389 293 1431 232.
342 1391 380 1430 9.

373 1479 380 1487 .
412 1450 613 1500 βουπλῆγι

412 1380 535 1432 χαμαὶ
558 1380 773 1434 κατέχευαν

369 1518 470 1568 ,οἵη
517 1534 588 1569 περ
643 1519 806 1570 φύλλων
866 1518 994 1571 γενεὴ,

451 1586 535 1635 τοίη
568 1585 610 1626 δὲ
642 1587 704 1626 καὶ
736 1588 885 1638 ἀνδρῶν

368 1685 375 1693 .
407 1655 640 1703 τηλεθόωσα
661 1655 752 1706 φύει

368 1753 375 1761 .
409 1723 443 1761 εἰ
493 1721 526 1761 δ’
578 1722 728 1764 ἐθέλεις
770 1723 831 1763 καὶ
872 1727 993 1763 ταῦτα

451 1790 635 1840 δαήμεναι

409 1858 498 1910 ὄφρ’
522 1859 562 1900 εὖ
589 1860 690 1916 εἰδῇς

366 1959 373 1966 .
409 1927 496 1967 ἔστι
518 1928 633 1968 πόλις

407 1994 490 2034 ἔστι
515 1996 629 2037 πόλις
651 1994 802 2047 Ἐφύρη

364 2094 371 2102 .
406 2061 498 2102 ἔνθα
520 2063 561 2102 δὲ
583 2063 762 2113 Σίσυφος
784 2063 901 2104 ἔσκεν

404 2130 497 2170 ἔνθα
519 2132 560 2170 δὲ
584 2132 762 2183 Σίσυφος

404 2199 581 2250 Σίσυφος

402 2266 522 2317 αὐτὰρ
538 2269 713 2307 Γλαῦκος
731 2266 877 2307 ἔτικτεν
894 2266 988 2317 ἀμύ-

444 2352 543 2385 μονα
565 2336 892 2387 Βελλεροφόντην

401 2404 451 2458 τῷ
475 2405 515 2443 δὲ
537 2403 632 2455 γυνὴ
650 2403 822 2454 Προίτου
843 2403 985 2454 ἐπεμή-

445 2488 539 2511 νατο
562 2470 617 2512 δῖ’
636 2470 799 2512 ”Αντεια

398 2538 452 2581 δῖ’
476 2539 639 2581 ’Ἄντεια

399 2608 516 2660 αὐτὰρ
540 2608 672 2659 ἐπειδὴ
695 2612 801 2660 σῆμα
823 2611 942 2649 κακόν

399 2676 460 2717 καὶ
481 2676 550 2728 τὴν
570 2678 640 2727 μὲν
663 2676 877 2730 κατέπεφνε

401 2745 528 2796 κρίνας
553 2745 593 2784 ἐκ
617 2746 758 2796 Λυκίης

399 2812 487 2853 ἀλλ’
512 2814 576 2853 ὅτε
599 2813 643 2864 δὴ
666 2815 837 2865 γίνωσκε

398 2882 420 2932 ἡ
457 2880 490 2920 δ’
527 2881 622 2921 ἔτεκ’
663 2882 843 2923 ἀντίθεον
880 2885 981 2934 Σαρ-

444 2952 592 2995 πηδόνα

1218 234 1257 270 4.

1219 288 1256 329 8.

1193 370 1257 407 14.

1191 425 1256 466 16.

1072 774 1167 819 237.
1215 778 1255 819 3.

1246 865 1253 873 .
1286 833 1431 875 Σκαιάς
1451 850 1493 874 τε

1070 1255 1252 1293 240.11.

1242 1345 1249 1353 .
1283 1313 1424 1354 ἔθεσαν
1446 1313 1537 1365 (sie)
1560 1316 1595 1354 οἱ
1617 1314 1759 1354 πέπλοι

1067 1530 1250 1567 241.11.

1173 2349 1240 2391 3L

1058 2484 1154 2523 244.
1202 2485 1240 2527 3.

1175 2554 1239 2596 13.

1170 2621 1236 2652 22

1169 2758 1237 2801 30.

1169 2827 1238 2869 33·

1054 2891 1148 2936 245-
1172 2891 1221 2935 15

1168 2962 1234 2999 24.

1289 220 1375 270 ἤτοι
1398 222 1418 261 ὁ
1439 223 1650 263 καππεδίον

1289 287 1413 330 πάτον
1434 290 1645 341 ἀνθρώπων
1666 290 1851 332 ἀλεείνων

1290 357 1331 397 ἔν
1351 356 1384 397 τ’
1406 357 1558 413 Ἐφύρῃ
1578 358 1755 410 ἐγένοντο

1288 426 1427 476 ταύτης
1459 442 1517 466 τοι
1547 429 1684 478 γενεῆς
1717 428 1779 467 καὶ
1811 427 1870 468 αἵ-

1329 511 1450 544 ματος

1248 594 1255 602 .
1289 562 1502 613 κατέπηξεν
1524 561 1689 616 (solum)

1288 630 1426 683 ἔγχεσι
1458 630 1488 669 δ’
1524 630 1712 681 ἀλλήλων
1746 631 1869 672 ἀλεώ-

1329 700 1429 748 μεθα

1287 765 1333 805 ὅν
1354 782 1395 805 κε
1416 766 1549 816 δύνηαι

1245 933 1252 941 .
1285 903 1479 953 εἰρόμεναι

1244 1002 1252 1011 .
1285 969 1374 1010 ἀλλ’
1394 971 1458 1010 ὅτε
1474 970 1519 1021 δὴ
1536 970 1728 1023 Πριάμοιο
1747 973 1868 1023 δόμον

1071 1037 1166 1092 238.
1218 1051 1254 1079 1.

1287 1039 1523 1095 αἶθούσσῃσι

1285 1107 1509 1157 πεντήκοντ’
1533 1108 1674 1149 ἔνεσαν
1698 1107 1867 1160 θάλαμοι

1286 1179 1452 1227 πρῶτον,
1477 1176 1610 1217 ἔπειτα
1635 1176 1679 1216 δέ
1699 1175 1729 1216 κ’
1754 1176 1867 1218 αὐτὸς

1285 1245 1382 1297 φαίη
1405 1262 1469 1285 κεν
1490 1243 1600 1297 φρέν’
1622 1244 1789 1297 ἀτέρπου

1243 1414 1250 1422 .
1284 1382 1510 1432 Σιδονίηθεν

1281 1450 1351 1500 τὴν
1372 1452 1463 1491 ὁδόν

1285 1518 1526 1573 ἑνδεκάπηχυ

1282 1588 1429 1627 ἀσπίδα
1451 1589 1512 1627 καὶ
1535 1587 1686 1639 θώρηκα

1240 1687 1247 1696 .
1281 1654 1444 1706 δαιμόνι’

1238 1755 1246 1762 .
1279 1723 1385 1762 οὗτοι
1409 1723 1485 1775 ἐγὼ
1507 1723 1652 1774 Τρώων

1238 1824 1246 1831 .
1278 1792 1378 1842 ἥμην
1401 1793 1442 1832 ἐν
1464 1790 1626 1845 θαλάμῳ

1063 1872 1160 1909 242.
1212 1874 1246 1900 1.

1280 1861 1416 1901 ἔθελον
1457 1860 1487 1900 δ’
1523 1861 1611 1913 ἄχεϊ
1645 1860 1863 1911 προτραπέ-

1322 1932 1416 1969 σθαι

1278 2000 1347 2037 νῦν
1369 1996 1402 2037 δ’
1425 1998 1492 2047 ἐμέ

1236 2097 1243 2105 .
1277 2067 1379 2116 δᾶερ,
1404 2066 1493 2105 ἐπεί
1511 2082 1557 2105 σε
1577 2064 1752 2116 μάλιστα

1062 2144 1157 2187 243.
1206 2133 1245 2173 6.

1306 2201 1315 2214 5
1387 2200 1395 2215 Ι
1474 2200 1482 2213 Ί
1529 2201 1545 2214 ‘Q
1568 2201 1576 2213 ⁹
1634 2203 1642 2217 3
1679 2202 1694 2216 Ἰ

1235 2233 1242 2241 .
1276 2218 1320 2241 ου
1346 2218 1421 2253 γαρ
1452 2218 1473 2241 τ
1507 2204 1565 2242 οιδ
1610 2218 1642 2242 ει
1674 2218 1730 2242 ετι
1761 2208 1861 2254 σφιν

1279 2133 1382 2174 οἶσιν
1405 2133 1468 2173 ἐπὶ
1491 2133 1587 2175 Ζεὺς
1609 2136 1701 2184 θῆκε

1316 2270 1534 2321 ὑπότροπος
1556 2269 1687 2320 ἵξομαι
1710 2270 1816 2312 αὖτις

1274 2337 1521 2391 Ἀνδρομάχη
1545 2337 1716 2390 θυγάτηρ
1735 2355 1859 2391 μεγα-

1316 2405 1483 2457 λήτορος
1503 2405 1717 2449 Ἠετίωνος

1274 2472 1315 2515 ὃς
1337 2473 1463 2514 ἔναιεν
1484 2473 1559 2513 ὑπὸ
1582 2474 1729 2529 Πλάκῳ

1273 2540 1376 2581 παῖδ’
1399 2542 1461 2582 ἐπὶ
1483 2542 1616 2596 κόλπῳ

1269 2609 1354 2660 ἤτοι
1385 2610 1459 2662 γὰρ
1484 2609 1615 2661 πατέρ’
1642 2610 1740 2662 ἁμὸν
1762 2611 1855 2652 ἀπέ-

1313 2680 1438 2718 κτεῗνε
1460 2681 1540 2719 δῖος
1563 2676 1772 2731 Ἀχιλλεύς

1271 2746 1361 2787 οὐδέ
1379 2762 1446 2796 μιν
1468 2745 1662 2797 ἐξενάριξε

1271 2815 1306 2854 οἱ
1326 2815 1400 2865 μὲν
1421 2813 1564 2857 πάντες
1587 2816 1629 2869 ἰῷ
1655 2814 1739 2855 κίον

1267 2882 1365 2922 λαὸν
1380 2881 1419 2922 δὲ
1436 2884 1588 2932 στῆσαν
1603 2881 1688 2934 παρ’
1705 2883 1852 2934 ἐρινεόν

1267 2949 1323 3000 ἠδ’
1348 2949 1445 3003 ἀμφ’
1467 2949 1667 3004 Ἀτρείδας
