1974 3305
269 138 353 178 328
796 137 1021 175 ΙΛΙΑΔΟΣ
1063 137 1109 174 Α.
1153 134 1262 188 (11)

327 248 426 290 425.
461 234 638 292 ἀγοστῷ]
662 236 713 291 τῷ
736 238 879 289 ἀγκῶνι

328 320 426 361 430.
460 302 659 361 πολύαιν’]
684 309 897 358 πολλαχῶς
919 305 1034 348 κακὸς
1056 306 1264 357 νομισθεὶς,
1287 307 1484 359 μυθολόγε
1507 306 1568 347 καὶ
1590 307 1743 359 φλύαρε

328 383 427 426 451.
462 370 563 429 φθῆ]
587 372 825 424 προέλαβεν,
849 373 1027 425 ἔφθασεν

329 450 427 496 453.
467 442 568 483 ὄσσε
607 439 910 498 καθαιρήσουσι]
953 442 1041 484 τοὺς
1076 442 1306 495 ὀφθαλμοὺς
1347 441 1658 493 καταλήψονται,
1702 458 1796 492 καμ-

271 512 441 562 μύσουσι
1819 527 1841 565 5

329 588 426 632 455.
460 577 676 635 κτεριοῦσι]
701 578 876 632 θάψουσι
1049 578 1147 631 458.
1182 577 1395 635 ἀνέσσυτο]
1421 580 1678 630 ἀνηκόντισεν

330 648 428 698 461.
462 645 549 704 αῧε]
574 648 672 697 ἐβόα
846 647 943 697 462.
978 648 1075 687 ὅσον
1097 648 1249 700 κεφαλὴ
1271 646 1388 704 χάδε]
1413 649 1508 688 ὅσον
1528 648 1692 698 ἠδύνατο

330 717 428 767 466.
464 717 568 768 ἀμφί
584 713 643 771 μ’]
668 715 711 754 τὸ
735 715 821 766 ἑξῆς
843 716 1007 765 ἀφίκετό
1026 733 1075 766 με

330 785 428 836 467.
460 781 629 839 βιῴατο]
653 783 856 834 βιάζοιντο
1030 792 1131 835 474.
1164 781 1366 839 δαφοινοί]
1391 781 1564 835 φόνιοιῆ
1587 784 1726 835 πυρροί

331 850 447 908 θῶες]
470 851 674 892 λυκοειδέα
697 851 773 905 ζῷα
1826 875 1873 900 10

330 921 428 972 476.
461 916 599 975 ἤλυξε]
625 918 795 972 ἐξέφυγε
921 930 1020 972 477.
1053 917 1213 976 λιαρόν]
1238 920 1381 972 θερμόν
1513 917 1658 976 ὀρώρῃ]
1684 919 1800 974 ἰσχύῃ

331 997 429 1040 479.
463 985 767 1044 δαρδάπτουσιν]
793 989 1064 1029 κατεσθίουσιν

331 1056 429 1107 480.
461 1054 587 1112 νέμεϊ]
612 1056 829 1111 συνδένδρῳ
851 1058 956 1111 τόπῳ
1079 1056 1177 1107 481.
1213 1055 1434 1113 διέτρεσαν]
1460 1057 1533 1098 σὺν
1555 1057 1631 1098 δέει
1653 1057 1802 1109 ἔφυγον

331 1124 430 1175 486.
463 1127 535 1174 στῆ
557 1125 599 1164 δὲ
620 1122 759 1181 παρέξ]
785 1125 878 1176 ἕστη
902 1126 945 1165 δὲ
965 1124 1053 1177 παρ’
1078 1126 1194 1167 αὐτόν

332 1193 493 1235 ἄλλυδις
518 1190 659 1249 ἄλλος]
684 1193 808 1235 ἄλλος
830 1194 1010 1246 ἀλλαχοῦ
1825 1211 1871 1249 15

331 1273 429 1315 493.
462 1259 720 1317 ὀπαζόμενος]
746 1262 1082 1314 κατεπειγόμενος,
1108 1264 1350 1313 διωκόμενος,
1375 1261 1445 1315 ἀφ’
1467 1262 1511 1303 οὗ
1533 1263 1801 1314 πληρούμενος

332 1341 432 1381 494.
464 1327 650 1386 ἀζαλέας]
675 1328 793 1381 ξηράς

333 1406 430 1451 495.
469 1396 716 1454 ἀφυσγετόν]
757 1400 930 1449 ἰλυῶδες,
963 1400 1158 1452 συρφετόν
1192 1400 1265 1453 (sie
1298 1398 1359 1440 ed.
1394 1399 1606 1441 Romana:
1654 1400 1804 1441 ἷλιῶδες

277 1464 434 1519 συφερτχ
457 1467 514 1519 Α)
747 1476 845 1519 502.
877 1466 1064 1524 μέρμερα]
1087 1469 1273 1520 μερίμνης
1294 1468 1382 1518 ἀξια

334 1543 431 1589 503.
466 1533 564 1575 νέων
585 1533 617 1575 δ’
641 1533 835 1591 ἀλάπαζε]
861 1536 910 1575 ἵν’
930 1535 955 1591 ᾗ
976 1538 1042 1578 τὰς
1062 1535 1136 1587 πρὸ
1157 1540 1234 1576 τῶν
1257 1536 1354 1577 νέων
1827 1556 1875 1581 20

335 1611 432 1656 504.
465 1601 651 1659 χάζοντο]
675 1604 903 1656 ὑπεχώρουν
1078 1612 1174 1656 512.
1208 1603 1337 1661 ἄγρει]
1362 1605 1433 1657 ἄγε
1455 1604 1500 1655 δή

335 1679 432 1724 514.
465 1670 663 1728 ἀντάξιος]
689 1672 771 1712 ἀντὶ
793 1672 866 1724 (sio
887 1673 949 1713 ed.
970 1672 1183 1713 Romana:
1217 1673 1303 1714 ἀντὶ
1325 1677 1392 1714 τοῦ
1408 1674 1463 1727 A)
1486 1677 1647 1714 πολλῶν
1670 1673 1804 1714 ἄλλων

277 1743 344 1780 τοῦ
370 1739 566 1789 σώζεσθαι
587 1739 692 1789 ἄξιος

337 1818 434 1861 520.
466 1807 512 1863 τῇ
534 1805 628 1863 γὰρ]
654 1809 782 1848 ἐκεῖσε
803 1808 878 1861 γάρ
1053 1818 1149 1861 525.
1183 1808 1335 1866 ἐπιμίξ]
1360 1810 1664 1862 ἀναμεμιγμένοι

337 1885 434 1931 532.
468 1873 638 1931 ἀΐοντες]
663 1877 891 1927 αἰσθόμενοι
1066 1887 1163 1932 534.
1197 1876 1442 1935 στείβοντες]
1467 1882 1678 1920 πατοῦντες

337 1945 435 1999 536.
467 1944 624 1985 ὁπλέων
644 1944 901 2002 ῥαθάμιγγες]
925 1950 1002 1986 τῶν
1024 1947 1177 2000 ὀνύχων
1196 1948 1346 1998 ῥανίδες
1410 1948 1414 1951 ’

1827 1895 1873 1932 25

338 2022 435 2068 537.
467 2011 739 2069 ἐπισσώτρων]
763 2015 810 2054 τὰ
831 2014 938 2058 ἐκτὸς
959 2018 1035 2055 τῶν
1056 2019 1208 2068 τροχῶν
1229 2015 1291 2055 ἐπὶ
1311 2015 1384 2066 τὴν
1405 2017 1478 2067 γῆν
1500 2017 1708 2066 κυλιόμενα

337 2082 435 2137 538.
467 2079 698 2137 ἀνδρόμεον]
723 2081 790 2122 τὸν
810 2086 887 2122 τῶν
909 2084 1059 2135 ἀνδρῶν

338 2159 435 2205 539.
467 2151 633 2200 μίνυνθα
654 2151 695 2190 δὲ
720 2149 859 2203 χάζετο
882 2149 1035 2208 δουρός]
1060 2152 1124 2192 ἵνα
1147 2152 1316 2194 εὐκόλως
1337 2157 1389 2207 τῷ
1412 2153 1543 2204 δόρατι
1565 2152 1755 2204 χρήσηται

339 2220 436 2272 546.
468 2216 630 2275 τρέσσε]
658 2220 719 2259 διὰ
741 2219 824 2261 δέος
845 2221 1100 2273 ὑπεχώρησεν
1217 2231 1313 2274 547.
1348 2221 1535 2276 ἀμείβων]
1559 2221 1777 2263 ἀλλάσσων
1827 2238 1878 2274 30

338 2297 435 2341 549.
469 2288 703 2343 ἐσσεύαντο]
728 2288 886 2329 ἐδίωκον

338 2366 436 2412 550.
469 2357 580 2410 πῖαρ]
611 2356 841 2407 κάλλιστον,
863 2357 982 2399 οἱονεὶ
1002 2360 1169 2411 λιπαρόν

338 2436 437 2480 55Ι.
473 2429 608 2477 κρειῶν
630 2426 830 2482 ἐρατίζων]
855 2430 976 2478 κρεῶν
997 2429 1105 2480 ἐρῶν,
1129 2429 1322 2477 ἐπιθυμῶν

339 2503 437 2548 552.
471 2495 583 2545 ἰθύει]
609 2493 668 2535 ἐπ’
690 2495 843 2538 εὐθείας
864 2497 961 2549 ὁρμᾷ
1051 2495 1240 2551 πρήσσει]
1265 2497 1373 2536 ἀνύει
1470 2497 1642 2552 ἄκοντες]
1666 2499 1806 2550 δόρατα

341 2573 438 2616 554.
471 2562 597 2617 δεταί]
625 2562 824 2614 λαμπάδες
844 2566 948 2616 παρὰ
969 2563 1012 2604 τὸ
1034 2564 1108 2604 δέω
1129 2564 1172 2604 τὸ
1195 2566 1370 2615 δεσμεύω
1826 2579 1876 2616 35

339 2632 557 2682 ἐσσύμενός
581 2627 673 2687 περ]
699 2632 822 2671 καίτοι
846 2633 1160 2683 προθυμούμενος

340 2709 437 2754 555.
468 2700 607 2752 ἠῶθεν]
634 2702 773 2753 ὄρθρου
947 2702 1184 2754 ἀπονόσφιν]
1211 2703 1405 2755 ἐχωρίσθη

339 2769 524 2822 τετιηότι]
546 2768 801 2824 λελυπημένῳ
1387 2763 1389 2765 ¹

341 2846 438 2889 559.
473 2836 613 2887 νωθήςἾ
644 2839 664 2877 ὁ
686 2836 942 2890 ἐστερημένος
963 2842 1030 2877 τοῦ
1054 2841 1149 2888 θεῖν,
1172 2839 1193 2878 ὅ
1215 2840 1298 2879 ἐστι
1319 2838 1488 2892 τρέχειν,
1513 2838 1643 2892 ἀργὸς,
1658 2839 1806 2890 βραδύς

339 2903 499 2962 ῥόπαλ’]
525 2904 622 2955 ξύλα
798 2907 893 2959 560.
928 2907 1063 2960 κείρει]
1091 2908 1234 2956 κόπτει,
1259 2906 1398 2960 τρώγει
1825 2921 1875 2955 40

342 2973 437 3026 562.
468 2974 635 3029 σπουδῇ]
659 2974 741 3016 ἀντὶ
767 2978 835 3015 τοῦ
859 2976 986 3026 μόλις,
1010 2978 1205 3028 δυσχερῶς
1380 2978 1549 3029 φορβῆς]
1575 2977 1624 3018 ὡς
1646 2975 1790 3028 τροφῆς
