1974 3305
819 150 1127 192 ADDENDA.
1652 153 1736 192 389

210 255 390 296 mediam
410 255 579 309 longam
596 269 681 295 esse
703 256 902 307 oporteat,
920 256 994 293 aut
1016 254 1170 304 ἀκληεῖς
1190 259 1263 294 aut
1285 255 1453 296 ἀκλειεῖς
1471 253 1732 294 scribendum

212 339 298 364 esse
319 326 458 377 patet:
490 324 539 364 de
560 337 639 376 quo
662 322 859 362 dixerunt
881 320 1113 362 Lobeckius
1135 321 1296 363 Pathol.
1319 323 1400 364 vol.
1426 335 1447 364 2
1470 338 1509 376 p.
1531 334 1586 377 53
1609 326 1651 364 et
1674 322 1736 362 La

215 392 354 433 Roche
376 391 642 446 (Homer-iselae
670 390 1029 442 Unterszwlzuuqen)
1050 404 1089 444 p.
1117 401 1208 444 155,
1241 392 1331 445 156.

864 711 996 751 VOL.
1030 711 1090 751 II.

268 871 370 925 Pag.
393 882 432 912 2.
456 871 494 911 6.
529 871 580 910 In
602 874 745 910 annot.
768 884 841 923 pro
866 875 888 892 ‘⁶
908 869 980 910 lin.
1006 882 1057 922 27
1076 869 1094 876 '⁴
1119 870 1279 923 corrigo
1303 876 1325 892 ‘³
1341 870 1414 911 lin.
1439 870 1533 911 26.''

269 951 307 992 3.
333 939 398 980 26.
432 937 661 996 δρέποντας]
701 938 752 978 Ιῐι
786 937 1001 991 πρέποντας
1034 939 1075 988 (i.
1092 954 1124 979 e.
1158 939 1383 991 τρέποντας)
1417 944 1657 993 corruptum
1688 940 1731 981 in

209 1009 371 1050 Veneto
394 1009 443 1050 B.

267 1079 305 1118 8.
332 1090 396 1119 12.
430 1075 597 1134 Κάσιος]
622 1077 676 1117 In
697 1077 906 1118 codicibus
922 1077 999 1117 hoc
1021 1091 1172 1117 nomen
1194 1077 1316 1117 modo
1338 1077 1395 1117 sic
1417 1078 1538 1118 modo
1558 1077 1733 1119 Κάσσιος

204 1146 419 1200 scriptum.

263 1215 302 1255 8.
329 1214 392 1256 18.
425 1216 469 1256 ἐν
499 1213 778 1271 δισυλλάβοις]
805 1216 846 1255 ἐν
875 1217 954 1256 τοῖς
983 1213 1303 1265 μονοσυλλάβοις
1335 1213 1568 1254 Lobeckius
1599 1213 1732 1255 Paral.

204 1298 245 1337 p.
273 1295 366 1324 121.
428 1282 481 1323 In
503 1283 676 1337 vulgata
698 1283 901 1337 scriptura
933 1281 1140 1323 consentit
1167 1281 1294 1322 codex
1325 1281 1455 1322 Paris.
1481 1282 1589 1334 2766
1622 1283 1732 1336 apud

206 1351 390 1392 Cramer.
427 1352 584 1393 Anecd.
628 1352 755 1392 Paris.
789 1351 867 1392 vol.
901 1365 925 1406 3
957 1366 998 1405 p.
1034 1350 1128 1404 285,
1162 1351 1234 1390 ubi
1266 1350 1396 1402 Χάρης
1427 1351 1625 1404 scriptum
1658 1365 1731 1404 pro

204 1424 356 1473 Χαῖρις.

262 1503 300 1543 9.
324 1502 391 1544 31.
424 1489 477 1529 In
498 1489 578 1530 fine
600 1488 882 1529 annotationis
913 1488 1025 1536 adde,
1049 1492 1091 1528 ct
1113 1487 1242 1528 Paris.
1269 1487 1378 1539 2766
1405 1487 1516 1541 apud
1547 1488 1729 1530 Cramer.

205 1557 359 1598 Anecd.
383 1557 509 1598 Paris
534 1572 574 1611 p.
599 1558 691 1612 285,
718 1567 783 1609 25.

264 1638 328 1666 10.
351 1639 389 1680 3.
424 1626 477 1666 In
498 1629 638 1666 annot.
662 1640 734 1679 pro
756 1639 839 1680 403
863 1625 889 1664 h
912 1625 1072 1679 corrige
1094 1639 1206 1679 4303
1228 1625 1269 1665 h.

263 1706 328 1748 13.
367 1706 434 1734 21.
469 1695 549 1749 238
583 1692 601 1712 *
624 1711 684 1746 γρ.
719 1691 1024 1749 ἐπισταίμεσθα]
1061 1693 1153 1734 Hoc
1184 1693 1430 1733 delendum:
1478 1708 1516 1733 v.
1550 1693 1728 1734 Praefat.

199 1761 280 1802 vol.
307 1775 324 1802 1
351 1777 391 1815 p.
412 1776 452 1802 X.

264 1845 327 1885 15.
354 1844 389 1871 Ι.
422 1828 583 1887 βλείης]
618 1831 791 1884 Cori-ige
815 1832 954 1886 βλείῃς
985 1844 1079 1871 cum
1112 1830 1269 1871 Cobeto
1302 1830 1463 1870 Mnem.
1487 1845 1616 1871 novae
1640 1844 1663 1883 3
1689 1845 1727 1883 p.

203 1900 268 1951 76,
291 1913 414 1953 quem
436 1914 475 1939 v.
499 1898 653 1939 ibidem
674 1914 714 1952 p.
740 1899 835 1952 263.

260 1979 326 2009 20.
353 1980 369 2006 1
383 1980 417 2007 1.
455 1966 509 2006 In
528 1967 799 2007 annotatione
821 1965 976 2007 excidit
997 1967 1149 2008 lemma.
1169 1969 1513 2018 βιοθανατοῦντας.

258 2050 325 2092 34.
350 2049 415 2091 29.
452 2036 505 2076 In
527 2039 666 2076 annot.
690 2035 763 2076 col.
793 2048 814 2077 2
839 2035 912 2076 lin.
939 2049 955 2075 1
984 2033 1025 2092 o]
1051 2035 1223 2090 Corrige
1245 2031 1278 2077 ἶ),

257 2111 313 2152 ib.
336 2110 409 2151 lin.
442 2123 463 2152 2
486 2108 579 2166 Βλε]
605 2109 780 2163 Corrige
801 2092 883 2165 BN?-

256 2193 324 2235 34.
346 2192 414 2234 30.
447 2179 584 2219 Verba
613 2179 664 2218 ab
696 2179 771 2219 hoc
802 2179 890 2219 loco
912 2178 1045 2219 aliena
1066 2179 1116 2220 ὡς
1137 2178 1285 2230 ἄνωρον
1317 2179 1473 2230 κραδίην
1497 2178 1613 2231 ἔχεις,
1636 2193 1723 2219 cor-

199 2252 321 2302 rupta
349 2262 399 2288 ex
421 2248 470 2290 ὠς
491 2249 607 2288 ἄνοον
630 2247 785 2298 κραδίην
806 2247 906 2301 ἔχες,
934 2246 1135 2301 leguntur
1156 2246 1282 2287 etiam
1313 2246 1357 2286 in
1389 2246 1544 2287 scholio
1576 2246 1725 2288 codicis

197 2316 465 2366 Townleiani‚
489 2317 560 2357 sed
581 2316 798 2357 emendate
820 2315 986 2369 scripta.

252 2397 321 2440 37.
349 2399 413 2436 14.
446 2381 719 2441 ἆστρατήγως]
746 2384 815 2424 Sic
836 2384 961 2425 etiam
984 2384 1027 2423 in
1048 2383 1214 2424 scholiis
1246 2383 1497 2424 minoribus:
1531 2384 1601 2424 sed
1623 2384 1722 2425 scri-

196 2454 378 2495 bendum
398 2441 510 2494 haud
531 2453 654 2493 dubie
676 2453 974 2506 ἀστρατηγήτως
991 2467 1085 2493 cum
1103 2452 1151 2492 L.
1168 2451 1386 2492 Dindorfio
1407 2452 1526 2493 Thes.
1546 2452 1624 2495 vol.
1645 2467 1679 2504 Ι,
1699 2466 1721 2495 2

196 2537 236 2577 p.
262 2523 385 2573 2264.
427 2522 586 2564 Eodem
608 2523 729 2563 modo
751 2521 850 2562 alibi
873 2520 1176 2573 ἀξιοστράτηγος
1193 2521 1398 2574 scriptum
1419 2536 1492 2574 pro
1515 2520 1720 2574 ἀξιοστρα-

196 2590 372 2643 τήγητος,
396 2590 446 2632 de
467 2606 548 2646 quo
568 2591 726 2631 dictum
750 2591 805 2631 ib.
829 2605 867 2644 p.
897 2601 1017 2644 1095.

256 2658 322 2710 38.
351 2659 413 2700 18.
446 2656 1022 2715 Ζηνόδοτος-Ἀριστοφάνει]
1063 2658 1294 2699 Scholiasta
1336 2661 1409 2698 aut
1449 2657 1614 2712 scripsit
1647 2663 1720 2699 aut

197 2727 372 2768 scribere
412 2727 553 2768 debuit
592 2727 1162 2782 Ἀριστοφάνης-Ζηνοὸότῳ.
1237 2726 1393 2766 Nullus
1433 2727 1544 2766 enim
1584 2730 1720 2767 exstat

197 2796 312 2837 locus
347 2811 470 2850 quem
502 2811 526 2837 a
561 2797 770 2838 Zenodoto
810 2795 926 2836 obelo
966 2798 1158 2836 notatum
1200 2795 1364 2836 eiecerit
1403 2794 1717 2849 Aristophanes,

195 2864 320 2904 multi
340 2879 436 2906 vero
456 2879 556 2919 quos
577 2865 628 2906 ab
651 2864 859 2905 Zenodoto
881 2879 963 2905 non
985 2867 1166 2918 receptos
1187 2863 1302 2904 obelo
1327 2864 1535 2905 notaverit
1553 2863 1718 2904 Aristo-

195 2932 364 2986 phaneS.

255 3013 321 3055 39.
347 3014 412 3055 29.
450 3001 685 3059 Ζηνόδοτος]
710 3002 828 3042 Adde
850 3019 909 3054 γρ.
