1974 3305
189 136 274 176 376

187 1262 281 1292 210.
300 1264 367 1305 31.

187 1328 283 1357 211.
329 1327 368 1370 5.

359 1418 366 1426 .
402 1386 535 1428 ἔννεον
557 1387 650 1427 ἔνθα
672 1388 732 1428 καὶ
755 1388 850 1428 ἔνθα

359 1485 367 1493 .
401 1455 564 1505 ὄρμενον
584 1455 773 1508 ἐξαίφνης

786 135 1010 173 ιΛΙΑΔοΣ
1052 135 1102 171 Φ.
1145 131 1256 184 (21)

365 269 374 277 .
407 236 519 287 προτὶ
540 237 580 275 οῗ
598 234 632 275 δ’
657 233 772 284 ἔλαβ’

193 304 288 345 208.
336 304 375 345 6.

365 403 373 411 .
406 372 513 422 δουρὶ
533 372 663 422 βαλόν

409 305 450 344 αἵ
469 304 512 344 κέ
533 320 579 343 σε
601 304 825 356 χειρότερος

365 470 373 479 .
407 439 517 492 ἔγχει
538 441 712 493 χαλκείῳ

366 539 374 547 .
406 506 430 557 ἧ
451 506 522 557 θήν
545 505 582 546 σ’
606 506 755 557 ἐξανύω
777 524 821 558 γε

193 586 287 627 209.
340 587 374 614 1.

364 673 372 681 .
405 643 449 682 οὐ
469 642 543 694 γάρ
559 660 595 682 τι
617 643 859 694 γλυκύθυμος

409 576 444 615 εἵ
462 592 544 618 πως
566 577 607 615 εὑ
628 576 834 626 πεφίδοιτο

364 741 372 749 .
405 711 445 750 ἐκ
468 709 511 750 δέ
531 711 568 750 οἱ
588 710 691 760 ἧπαρ
713 711 875 750 ὄλισθεν

365 809 373 817 .
407 779 663 818 Δευκαλίωνα
685 775 716 816 δ’
742 776 864 817 ἔπειθ’

363 877 371 885 .
404 845 524 894 αὐτὰρ
546 847 565 884 ὁ
585 847 639 895 βῆ
659 845 694 897 ῥ’

362 945 369 953 .
401 912 476 954 ὑπὸ
498 911 617 952 πόσσ’
640 913 828 964 ἐριμύκων

475 1143 523 1181 Φ.
576 1141 693 1192 (21)

402 1252 555 1294 Ξάνθου
582 1254 776 1304 δινήεντος

400 1318 516 1368 ἤματι
537 1320 589 1374 τῷ

398 1525 524 1572 πλῆτο
545 1524 634 1576 ῥόος
657 1524 830 1564 κελάδων

359 1620 367 1628 .
401 1591 519 1641 αὐτὰρ
542 1593 561 1631 ὁ
583 1592 644 1644 ἄψ

184 1669 279 1699 212.
336 1671 369 1697 Ι.

357 1758 365 1766 .
398 1728 572 1780 ἐννύχιος
595 1730 802 1779 προμολών

400 1658 472 1710 ἦγε
492 1661 633 1709 λαβὼν
655 1661 696 1699 ἐκ
719 1661 864 1712 7πατρός

356 1826 364 1834 .
397 1794 515 1844 τάμνε
537 1795 643 1837 νέους
664 1798 833 1846 ὄρπηκας

357 1892 366 1901 .
399 1866 523 1903 κεῖθεν
557 1862 598 1903 δὲ
631 1862 758 1913 ξεῖνός
793 1881 860 1915 μιν
889 1865 977 1904 ἐλύ-

440 1947 537 1970 σαΤΟ

357 2030 364 2038 .
398 1998 467 2038 τὸν
488 1998 521 2038 δ’
544 2000 594 2041 ὡς
616 2000 681 2041 οὖν
703 2002 842 2051 ἐνόησε

356 2098 364 2106 .
396 2065 420 2116 ἢ
441 2066 551 2115 μάλα
571 2067 616 2117 δὴ
637 2072 769 2119 Τρῶες

355 2166 363 2173 .
397 2135 535 2186 φυγὼν
555 2135 630 2175 ὑπὸ
652 2135 790 2186 νηλεὲς
812 2137 914 2188 ἦμαρ

183 2214 275 2256 213.
321 2214 361 2252 4.

396 2202 521 2242 ἱκέταο
544 2218 622 2245 om.

389 2269 546 2312 ’Ἄλτεω
569 2271 610 2314 ὃς
632 2273 857 2326 Λελέγεσσι

354 2370 362 2378 .
394 2342 462 2380 νῦν
485 2339 526 2380 δὲ
550 2340 594 2391 δὴ
617 2341 751 2382 ἐνθάδε
770 2359 837 2392 μοι

353 2440 361 2447 .
394 2408 501 2448 ἀλλὰ
522 2410 641 2460 φίλος
663 2409 757 2450 θάνε

182 2487 274 2527 214.
325 2488 362 2517 2.

353 2575 362 2584 .
394 2544 555 2584 ἔσσεται
577 2544 599 2594 ἢ
621 2545 696 2595 ἠώς

395 2475 486 2516 ἀλλ’
509 2478 573 2518 ἐπί
592 2494 653 2517 τοι
675 2478 737 2518 καὶ
759 2480 849 2529 ἐμοί

354 2644 361 2651 .
392 2612 509 2665 ἔγχος
536 2613 609 2664 μέν
632 2613 666 2665 ῥ’
690 2614 876 2666 ἀφέηκεν,
901 2618 921 2656 ὁ
942 2616 974 2655 δ’

434 2680 541 2729 ἕζετο
562 2685 669 2734 χεῖρε
691 2682 889 2725 πετάσσας

352 2779 360 2787 .
393 2749 574 2788 ἐνταυθοῖ

351 2847 360 2855 .
393 2817 494 2856 οἴσει
517 2816 658 2867 δινήεις
680 2820 773 2859 εἵσω

352 2917 359 2924 .
393 2886 579 2935 θρώσκων
618 2903 675 2929 τις
718 2890 815 2929 κατὰ
854 2889 973 2941 θυμὸν

435 2954 625 3002 μέλαιναν
647 2955 758 3009 φρίχ’
778 2956 934 3007 ὑπαΐξει

1057 241 1238 286 215.25.

1171 312 1236 352 27.

1055 370 1150 410 216.
1176 382 1237 410 11.

1171 448 1235 489 27.

1056 515 1151 556 217.
1199 506 1236 547 6.

1199 575 1235 614 8.

1174 652 1236 693 17.

1174 722 1236 761 19.

1172 777 1235 817 28.

1167 858 1235 899 32.

1172 926 1236 963 14.

1170 994 1235 1036 23.

1170 1061 1235 1101 27.

1169 1131 1234 1170 29.

1056 913 1150 955 218.

1054 1198 1148 1238 219.
1198 1187 1236 1226 6.

1169 1267 1233 1294 11.

1169 1336 1233 1377 13.

1168 1403 1233 1432 20.

1167 1459 1231 1499 26.

1166 1608 1231 1647 29.

1164 1676 1231 1717 31.

1169 1743 1231 1772 12.

1166 1799 1228 1837 18.

1164 1878 1229 1907 20.

1166 1946 1230 1986 23.

1049 2014 1141 2044 221.
1192 2015 1226 2042 1.

1163 2084 1227 2111 10.

1164 2139 1225 2180 16.

1163 2208 1226 2247 18.

1163 2288 1227 2316 2ο.

1163 2356 1228 2385 22.

1161 2425 1226 2463 24.

1160 2481 1225 2522 28.

1046 2560 1140 2590 222.
1188 2562 1226 2602 3.

1188 2626 1226 2669 5.

1051 1743 1143 1772 220.

1163 2766 1225 2793 11.

1163 2822 1226 2862 16.

1159 2902 1224 2931 21.

1045 2971 1139 3013 223.
1192 2972 1225 2998 1.

1272 233 1300 287 ᾧ
1324 234 1368 283 δὴ
1392 233 1488 283 δηθά

1269 301 1343 341 υἱέϊ
1364 302 1591 353 Πηλεγόνος

1271 368 1578 420 Ἀκεσσαμενοῖο
1601 371 1802 420 θυγατρῶν

1269 439 1417 488 ἁμαρτῆ

1269 507 1319 560 τῷ
1343 505 1375 545 δ’
1400 505 1516 560 ἑτέρῳ
1538 522 1605 556 μιν

1270 575 1445 625 δεύτερος
1468 575 1546 614 αὖτ’
1570 574 1756 626 Ἀχιλεύς

1267 645 1491 694 μεσοπαγὲς
1514 641 1546 681 δ’
1568 641 1627 692 ἄρ’

1272 711 1468 760 Πηλείδης
1491 708 1523 749 δ’
1546 710 1617 760 ἄορ

1269 780 1403 830 φῆσθα
1425 778 1474 818 σὺ
1494 779 1566 828 μὲν
1587 779 1763 828 ποταμοῦ

1269 846 1329 885 καὶ
1350 848 1424 898 γὰρ
1446 847 1508 886 σοὶ
1530 846 1701 895 ποταμός
1720 862 1765 897 γε

1271 914 1358 954 οὐδὲ
1378 915 1638 965 βαθυρρείταο

1267 983 1336 1022 τὸν
1357 984 1429 1032 μὲν
1450 981 1509 1033 ἄρ’
1533 981 1720 1035 ἐγχέλυές
1741 998 1784 1021 τε

1269 1052 1391 1100 δῆμον
1414 1051 1663 1100 ἐρεπτόμενοι

1269 1120 1534 1170 ἐπινεφρίδιον
1557 1119 1747 1168 κείροντες

1268 1186 1410 1237 πλήθει
1433 1187 1508 1238 γὰρ
1530 1185 1574 1235 δή
1595 1203 1662 1236 μοι

1267 1255 1354 1294 ἀλλ’
1381 1255 1452 1306 ἄγε
1475 1254 1519 1304 δὴ
1543 1255 1605 1294 καὶ
1629 1254 1750 1294 ἔασον

1269 1323 1451 1373 ἀντιβίην
1471 1322 1495 1372 ἥ
1517 1323 1581 1362 κέν
1601 1339 1669 1372 μιν

1267 1392 1416 1433 δείελος
1436 1392 1515 1442 ὀψὲ
1539 1393 1639 1430 δύων

1265 1459 1353 1501 τοὺς
1385 1459 1532 1510 ἔκβαλε
1563 1459 1699 1509 θύραζε
1726 1475 1846 1510 μεμυ-

1309 1528 1381 1569 κώς

1264 1596 1459 1650 χέρσονδε
1483 1595 1597 1645 ζωοὺς
1619 1596 1660 1635 δὲ
1683 1593 1767 1635 σάω

1264 1665 1284 1703 ὁ
1307 1666 1348 1703 δὲ
1370 1663 1539 1712 πτελέην

1265 1733 1358 1771 εἵσω
1382 1734 1457 1773 πᾶς

1264 1799 1588 1849 ἀκροκελαινιόων

1263 1869 1392 1906 αἰετοῦ
1417 1867 1544 1916 οἴματ’
1566 1867 1670 1919 ἔχων

1266 1934 1379 1988 χώρῳ
1403 1933 1459 1974 ἐνὶ
1480 1939 1649 1985 προαλεῖ

1259 2003 1282 2052 ἤ
1302 2019 1350 2053 με
1372 2003 1591 2054 ψεύδεσσιν
1612 2003 1776 2055 ἔθελγεν

1261 2074 1328 2110 νῦν
1350 2069 1383 2110 δ’
1407 2072 1473 2121 ἐμὲ
1497 2071 1700 2126 λευγαλέῳ

1259 2141 1303 2179 ὅν
1323 2138 1372 2191 ῥά
1393 2138 1423 2178 τ’
1448 2139 1609 2181 ἔναυλος
1631 2139 1816 2191 ἀποέρσει

1259 2212 1362 2248 τοῖσι
1385 2210 1425 2248 δὲ
1445 2209 1574 2258 μύθων
1595 2208 1691 2262 ἦρχε

1264 2276 1386 2326 Ζηνὸς
1409 2276 1692 2326 ἐπαινήσαντος

1260 2343 1312 2394 μὴ
1334 2344 1424 2394 πρὶν
1446 2345 1583 2384 παύειν
1603 2348 1739 2396 χεῖρας

1257 2413 1433 2463 Τρωϊκὸν
1454 2413 1495 2454 ὅς
1517 2430 1558 2453 κε
1580 2414 1731 2466 φύγῃσι

1259 2481 1378 2532 αὐτὰρ
1400 2482 1420 2520 ὁ
1441 2484 1494 2531 βῆ

1262 2547 1404 2589 κείσεθ’
1427 2548 1489 2589 ὑπ’
1514 2550 1621 2591 ἰλύος

1261 2618 1403 2657 εἰλύσω
1454 2617 1700 2668 ψαμάθοισιν
1749 2616 1842 2659 ἅλις

1304 2685 1468 2738 χέραδος

1261 2755 1404 2794 εἰλύσω
1428 2753 1673 2804 ψαμάθοισιν

1258 2822 1407 2873 μυρίον,
1431 2821 1521 2861 οὐδέ
1541 2824 1577 2861 οἱ

1257 2890 1367 2930 ἔσται
1388 2893 1611 2942 τυμβοχοῆς
1633 2890 1696 2930 ὅτε
1716 2907 1784 2940 μιν

1260 2961 1356 2999 κατὰ
1377 2957 1410 2998 δ’
1431 2956 1519 3013 ᾕρεε
1543 2958 1754 3008 Πηλείωνα
