1974 3305
677 136 904 175 ῐΛΙΑΔοΣ
947 136 991 173 Ζ.
1034 133 1116 186 (6)
1582 130 1664 170 315

197 236 293 289 289.
324 237 484 287 αἵματος
515 236 610 277 ἆσαι
625 233 774 293 Ἀρηα]
806 239 874 276 τοῦ
901 236 1059 286 αἵματος
1091 234 1251 286 κορέσαι
1281 235 1324 275 τὸ
1353 232 1578 286 καρτερικὸν
1605 234 1668 274 καὶ

138 304 442 356 πολεμιστήριον
462 305 553 356 δόρυ

198 385 294 426 292.
325 369 518 428 πρυμνὴν]
554 371 775 422 κατωτάτην

198 450 293 494 295.
323 438 459 497 αἰόλα]
486 440 646 480 ποικίλα
819 435 1137 494 παμφανόωντα]
1168 437 1267 477 πάνυ
1288 438 1495 488 λάμποντα
1615 493 1617 496 ¹

195 505 488 565 παρέτρεσσαν]
522 509 585 548 διὸ.
606 507 691 549 δέος
712 507 862 559 ἔφυγον
1689 518 1711 557 5

199 577 295 632 298.
328 573 556 633 ἐρυσαίατο]
603 576 812 616 ἑλκύσειαν
1101 585 1197 629 302.
1230 569 1470 629 σμερδαλέα]
1516 570 1672 623 φοβερά

198 642 341 702 ἰάχων]
375 643 522 697 κράζων

198 724 295 769 307.
327 713 422 766 πρὸς
448 712 478 753 δ’
502 712 619 765 ἄμφω
645 713 737 764 ῥῆξε
761 707 938 768 τένοντε]
971 709 1066 762 πρὸς
1095 711 1135 750 δὲ
1167 709 1229 750 καὶ
1257 710 1460 761 ἀμφότερα
1481 705 1671 759 ἀπέρρηξε

139 783 187 822 τὰ
208 782 505 831 κατατεινόμενα
526 783 641 832 νεῦρα

199 848 297 904 308.
328 845 459 905 ῥινὸν]
493 850 536 888 τὸ
561 848 680 900 δέρμα
855 861 951 903 309.
983 846 1082 900 γνὺξ
1099 842 1260 903 ἐριπὼν]
1289 845 1352 886 ἐπὶ
1373 845 1468 897 γόνυ
1488 845 1622 885 πεσών
1695 861 1742 886 10

196 929 294 972 313.
326 916 352 966 ἥ
370 914 458 972 μιν]
488 917 572 966 ἥτις
596 916 713 956 αὐτόν
886 911 1161 971 βουκολέοντι]
1192 918 1289 964 βοῦς
1311 914 1467 965 νέμοντι

196 997 294 1040 314.
324 981 511 1041 ἐχεύατο]
545 984 807 1036 περιεβάλετο

198 1061 296 1108 315.
328 1056 493 1104 φαεινοῦ
524 1051 664 1105 πτύγμ’
689 1050 910 1109 ἐκάλυψεν]
945 1052 1031 1093 ἀντὶ
1057 1056 1125 1093 τοῦ
1154 1055 1277 1107 διπλῷ
1299 1051 1349 1106 τῷ
1372 1050 1509 1105 πέπλῳ
1532 1049 1672 1090 ἑαυτὸν

139 1120 359 1162 ἐσκέπασεν

197 1187 296 1244 318.
327 1186 586 1245 ὑπεξέφερεν]
619 1188 745 1239 ἠρέμα
767 1187 955 1241 ἐξέφερεν
1129 1200 1226 1243 321.
1259 1184 1445 1244 ἠρύκακε]
1480 1185 1671 1239 κατέσχεν
1695 1199 1740 1237 15

196 1269 296 1312 322.
329 1258 475 1310 νόσφιν
495 1256 571 1297 ἀπὸ
594 1253 819 1313 φλοίσβου]
847 1258 964 1310 χωρὶς
988 1256 1035 1310 (“)’(
1057 1256 1131 1309 Α),
1154 1257 1224 1306 ἔξω
1247 1258 1313 1306 τῆς
1333 1254 1462 1308 μάχης

197 1324 297 1380 326.
331 1323 463 1382 ἄρτια]
490 1327 594 1378 ὑγιῆ,
616 1325 842 1377 ἡρμοσμένα

196 1393 297 1449 328.
329 1391 586 1450 σιγαλόεντα]
620 1394 667 1434 τὰ
688 1393 849 1445 λαμπρά

197 1474 297 1517 329.
327 1465 516 1513 Τυδείδην
536 1459 700 1518 μέθεπε]
730 1462 892 1502 κατόπιν
914 1461 1133 1512 Διομήδους
1155 1462 1325 1509 ἐδίωκεν,
1349 1460 1554 1511 ἐπορεύετο

198 1543 299 1585 330.
334 1531 491 1582 Κύπρον
512 1528 705 1587 ἐπῴχετο]
739 1528 798 1570 ἐπ’
819 1528 1060 1582 Ἀφροδίτην
1081 1530 1189 1581 ὥρμα
1213 1531 1356 1582 (νόρμα
1376 1529 1435 1581 Α)
1693 1542 1743 1568 20

198 1610 297 1652 334.
330 1596 504 1655 ὀπάζων]
530 1603 598 1639 νῦν
620 1600 783 1638 κατόπιν
806 1598 953 1638 διώκων

197 1675 295 1721 335.
329 1664 629 1723 ἐπορεξάμενος]
663 1667 885 1708 ἐπεκτείνας

198 1734 295 1786 748.
327 1733 543 1792 ἐπεμαίετ’]
578 1734 775 1785 ἐφήπτετο
932 1743 1029 1786 752.
1058 1731 1218 1790 ἵππους]
1253 1733 1338 1774 ἀντὶ
1359 1735 1426 1773 τοῦ
1446 1736 1523 1773 τῶν
1543 1733 1672 1773 ἵππων

199 1802 296 1855 787.
330 1801 410 1844 κάκ’
432 1800 622 1860 ἐλέγχεα]
650 1802 821 1857 ἐλέγχεα
843 1803 892 1846 ὡς
913 1804 1058 1856 τείχεα·
1093 1803 1137 1843 οὐ
1157 1805 1232 1855 γὰρ
1254 1805 1322 1843 νῦν
1343 1802 1558 1843 ἐπιθετικόν

198 1870 295 1926 836.
327 1869 548 1930 ἐμμαπέως]
581 1872 783 1924 προθύμως
959 1871 1054 1912 882.
1089 1868 1337 1927 μαργαίνειν]
1370 1873 1570 1922 μανιωδῶς
1591 1872 1671 1911 δια·
1692 1887 1740 1925 25

141 1942 294 1980 κεῖσθαι

798 2059 844 2096 Ζ.
911 2057 923 2109 (
945 2054 971 2096 6
993 2056 1005 2109 )

199 2145 266 2187 26.
298 2141 397 2202 ἡδ’]
421 2146 444 2196 ἡ
467 2144 675 2198 Βαρβαρέη
851 2154 920 2197 51.
955 2143 1130 2202 ἔπειθεν]
1163 2147 1293 2197 ὄρινεν

202 2213 295 2256 128.
329 2215 364 2255 εἰ
394 2213 437 2255 δέ
466 2231 523 2256 τις
554 2213 758 2255 ἀθανάτων
788 2231 835 2266 γε
867 2214 947 2254 κατ’
973 2214 1137 2266 οὐρανοῦ
1168 2211 1422 2270 εἰλήλουθας]
1453 2211 1672 2254 συναπτέον

140 2283 237 2324 ὅλον
258 2282 326 2324 τὸν
347 2283 488 2336 στίχον
1692 2300 1743 2336 30

201 2360 296 2404 159.
328 2349 572 2408 ἐδάμασσεν]
606 2351 649 2391 τὸ
670 2355 738 2391 τοῦ
761 2352 932 2403 Προίτου

202 2420 296 2461 180.
328 2423 435 2461 θεῖον
455 2418 589 2477 γένος]
623 2419 829 2471 τεράστιον
1007 2419 1101 2460 181.
1133 2417 1315 2476 χίμαιρα]
1350 2417 1416 2469 αἵξ

199 2499 294 2544 237.
326 2486 396 2546 ὣς]
427 2489 512 2529 ἀντὶ
536 2491 604 2529 τοῦ
625 2490 689 2529 ὅτε
858 2486 1026 2546 πύργον]
1060 2489 1122 2529 καὶ
1143 2490 1273 2541 φηγόν

198 2567 296 2613 337.
326 2555 577 2614 παρειποῦσ’]
611 2557 883 2609 παραινέσασα
1071 2557 1168 2613 348.
1202 2555 1392 2614 ἀπόερσε]
1425 2556 1614 2607 ἀπέπνιξε

199 2634 297 2680 353.
329 2623 641 2682 ἐπαυρήσεσθαι]
673 2628 740 2675 τῆς
762 2627 859 2668 ἰδίας
879 2626 1012 2668 ἀνοίας
1033 2628 1154 2676 δῆλον
1175 2626 1234 2666 ὅτι
1691 2636 1741 2677 35

197 2706 297 2745 400.
330 2692 467 2743 νήπιον
489 2691 631 2750 αὔτως]
665 2695 785 2736 οὕτως
805 2695 855 2736 ὡς
875 2695 912 2735 οἱ
932 2696 1067 2737 παῖδες

198 2771 298 2813 417.
327 2758 540 2818 ἐξενάριξε]
565 2762 784 2803 ἐσκύλευσε
898 2774 996 2815 419.
1022 2760 1110 2813 σῆμ’
1135 2759 1267 2820 ἔχεεν]
1291 2763 1352 2803 καὶ
1372 2761 1501 2814 τάφον
1517 2761 1671 2815 ἔχωσεν

199 2829 299 2879 446.
332 2826 564 2886 ἀρνύμενος]
593 2829 681 2870 ἀντὶ
700 2833 768 2870 τοῦ
788 2832 1073 2882 περικτώμενος

198 2897 296 2947 466.
329 2894 508 2953 ὀρέξατο]
543 2898 627 2938 ἀντὶ
648 2902 716 2939 τοῦ
737 2897 905 2950 ἐλάβετο
1070 2909 1124 2951 47
1131 2910 1168 2951 7.
1201 2896 1282 2956 ἀρι]
1312 2900 1369 2940 ἐνι

199 2977 297 3020 493.
328 2966 412 3016 ἐμοὶ
437 2967 480 3006 δὲ
500 2965 684 3017 μάλιστα,
707 2964 789 3024 τοὶ]
819 2968 904 3009 ἀντὶ
925 2971 991 3009 τοῦ
1012 2969 1118 3009 πλέω
1140 2967 1297 3009 πάντων
1317 2972 1392 3009 τῶν
1413 2969 1458 3009 ἐν
1477 2969 1584 3024 Ἰλίῳ
1691 2982 1743 3016 40
