1974 3305
268 128 352 169 312
816 132 1041 170 lAlAAOE
1083 132 1129 169 B.
1171 129 1256 181 (2)

331 229 425 270 188.
460 228 601 287 κιχείη]
637 230 858 281 καταλάβοι

332 298 426 353 189.
460 297 720 356 ἐρητύσασκε]
757 303 952 353 κατεῖχεν,
974 301 1145 340 ἐκώλυεν

332 379 427 421 190.
460 366 646 424 δαιμόνι’]
676 369 704 408 ὦ
732 367 921 417 βέλτιστε

327 434 616 493 δειδίσσεσθαι]
642 436 914 487 εὐλαβεῖσθαι,
939 439 1157 489 φοβεῖσθαι

335 516 429 558 Ι9Ι.
463 502 631 561 κάθησο]
666 504 784 545 κάθου
959 503 1082 562 ἵδρυε]
1116 504 1343 554 καθέζεσθαι
1369 504 1506 544 κέλευε
1827 507 1850 546 5

334 584 430 625 192.
464 571 597 629 σάφα]
633 577 782 626 σαφῶς,
806 574 976 625 ἀκριβῶς

331 639 413 680 οἷος
435 636 546 695 νόος]
591 639 677 679 ἀντὶ
709 641 778 679 τοῦ
807 640 875 679 οὐκ
906 640 1064 690 οἴδαμεν
1094 639 1134 679 τί
1159 640 1406 690 βουλόμενος
1440 639 1527 690 περὶ
1558 639 1686 690 φυγῆς
1715 637 1807 688 ἡμῖν

273 705 387 759 λέγει

334 787 428 829 193.
461 773 736 831 ἀποπειρᾶται]
771 777 988 827 ἀπόπειραν
1012 775 1212 826 λαμβάνει

332 841 454 900 τάχα]
487 843 637 896 ταχέως
815 842 972 901 ἴψεται]
1006 844 1166 898 βλάψει
1833 856 1882 881 10

336 921 430 965 195.
462 910 514 962 μή
536 909 592 968 τι]
623 913 869 953 διστακτικόν
991 913 1083 967 196.
1117 909 1254 968 θυμός]
1283 911 1380 965 ὀργή
1503 921 1596 964 197.
1630 909 1668 968 ἑ]
1697 911 1811 952 αὐτόν

336 980 429 1034 198.
463 979 508 1020 ὃν
529 979 559 1020 δ’
579 978 644 1037 αὖ]
679 981 812 1021 ὅντινα
834 982 874 1022 δὲ
897 981 1017 1022 πάλιν

336 1046 515 1105 ἐφεύροι]
550 1049 771 1099 καταλάβοι

338 1129 433 1171 199.
466 1116 710 1174 ἐλάσασκεν]
735 1119 926 1169 ἔπληττεν

335 1184 617 1236 ὁμοκλήσασκέ
636 1185 696 1243 τε]
723 1188 786 1227 καὶ
806 1187 960 1237 ἠπείλει
980 1188 1067 1239 μεθ’
1087 1189 1240 1240 ὕβρεως
1837 1198 1884 1236 15

337 1266 434 1295 200.
466 1252 653 1311 δαιμόνι’]
687 1258 914 1308 φαυλότατε

337 1335 434 1364 201.
467 1322 708 1381 ἀπτόλεμος]
743 1325 900 1377 ἄπειρος
919 1326 1093 1376 πολέμου
1270 1322 1450 1381 ἄναλκις]
1485 1323 1653 1375 ἀσθενής

338 1403 435 1433 202.
468 1391 707 1450 ἐναρίθμιος]
739 1395 1091 1445 καταριθμούμενος
1267 1394 1322 1434 ἐνὶ
1343 1391 1493 1449 βουλῇ]
1527 1394 1568 1434 ἐν
1590 1393 1778 1446 ἐκκλησίᾳ

338 1472 434 1511 204.
468 1460 535 1500 οὐκ
555 1460 723 1518 ἀγαθὸν]
757 1463 802 1503 οὐ
823 1462 1027 1515 συμφέρον
1211 1459 1508 1518 πολυκοιρανίη]
1543 1462 1767 1514 πολυαρχία

338 1538 435 1580 207.
469 1527 597 1585 δίεπε]
631 1530 828 1580 διέτασσε,
852 1530 981 1586 διῴκει
1836 1547 1888 1572 20

340 1610 435 1652 209.
467 1596 565 1654 ἠχῇ]
599 1601 698 1650 μετὰ
718 1599 818 1653 ἤχου
839 1601 899 1641 καὶ
924 1602 1092 1653 κραυγῆς

340 1677 436 1706 210.
468 1664 676 1723 βρέμεται]
710 1667 807 1721 ἠχεῖ,
830 1672 966 1708 κτυπεῖ
1120 1665 1334 1723 σμαραγεῖ]
1366 1667 1460 1720 ἠχεῖ

339 1746 435 1775 212.
469 1736 709 1786 ἀμετροεπὴς
740 1734 911 1793 ἐκολῴα]
946 1739 1124 1789 φλύαρος
1145 1736 1323 1787 ἐθορύβει

339 1814 436 1853 214.
470 1803 515 1843 οὐ
537 1805 634 1844 κατὰ
656 1805 816 1855 κόσμον,
841 1802 1078 1861 ἐριζέμεναι]
1105 1805 1166 1845 καὶ
1190 1805 1234 1845 οὐ
1256 1806 1353 1844 κατὰ
1373 1805 1497 1856 λόγον
1519 1803 1581 1843 καὶ
1603 1801 1713 1853 τάξιν
1734 1805 1816 1845 τοῖς

280 1874 498 1921 βασιλεῦσι
520 1876 763 1924 φιλονεικεῖν
1837 1890 1886 1930 25

339 1949 437 1994 215.
470 1939 641 1998 εἴσαιτο]
676 1942 861 1994 ἐφαίνετο
1040 1942 1135 1982 216.
1169 1939 1396 1997 αἴσχιστος]
1430 1940 1689 1994 αἰσχρότατος

340 2019 437 2061 217.
470 2008 637 2067 φολκὸς]
672 2012 845 2062 στραβός
1021 2007 1176 2067 ἕτερον]
1210 2011 1279 2051 τὸν
1302 2010 1370 2050 ἕνα

340 2078 437 2119 218.
468 2076 736 2135 συνοχωκότε]
771 2081 1077 2129 συμπεπτωκότε

343 2158 438 2202 219.
472 2145 614 2203 φοξὸς]
647 2146 895 2200 όξυκέφαλος
1092 2145 1240 2204 ψεδνή]
1275 2149 1442 2200 μαδαρᾶ,
1467 2146 1582 2199 ἀραιά
1604 2147 1717 2201 (ἀρέα
1738 2147 1794 2200 A)

339 2215 550 2266 ἐπενήνοθε
575 2214 726 2273 λάχνη]
761 2216 1055 2268 ἐβεβλαστήκει
1076 2218 1261 2270 τρίχωσις
1836 2237 1886 2274 30

340 2296 434 2338 230.
467 2281 568 2341 υἷος]
597 2285 684 2325 ἀντὶ
705 2289 772 2325 τοῦ
793 2286 877 2325 υἱοῦ

340 2352 436 2403 246.
470 2351 723 2411 ἀκριτόμυθε]
758 2356 1022 2407 σαρκαστικόν

339 2422 435 2476 269.
469 2421 581 2480 ἰδών]
612 2422 804 2473 ὀξύνεται·
838 2424 986 2477 μετοχὴ
1007 2423 1081 2477 γάρ
1102 2425 1186 2464 ἐστι

339 2501 435 2544 270.
468 2492 681 2545 ἀχνύμενοί
698 2491 789 2549 περ]
826 2495 889 2533 διὰ
910 2493 954 2533 τὸ
977 2493 1107 2534 θέλειν
1127 2492 1380 2544 ὑποστρέψαι

339 2572 435 2614 293.
469 2557 563 2617 σὺν]
597 2560 702 2612 παρά
877 2573 973 2616 302.
1009 2563 1118 2613 κῆρες
1139 2559 1256 2618 ἔβαν]
1292 2562 1353 2601 ἐπὶ
1376 2563 1442 2601 τοῦ
1463 2563 1603 2612 λοιμοῦ
1835 2581 1884 2620 35

337 2639 433 2679 311.
467 2626 695 2685 στρουθοῖο]
731 2628 808 2669 ἀπὸ
829 2632 897 2669 τοῦ
919 2633 1143 2680 στερεῖσθαι
1165 2633 1233 2670 τοῦ
1255 2629 1359 2670 θέειν

336 2707 434 2752 355.
466 2696 632 2755 Τρώων]
669 2697 752 2738 ἀντὶ
774 2701 843 2737 τοῦ
863 2699 999 2750 Τρωός

334 2776 434 2819 415.
466 2764 603 2823 πυρὸς]
639 2767 768 2807 λείπει
787 2767 864 2806 ὑπό
1038 2765 1222 2824 θύρετρα]
1259 2766 1313 2807 In
1334 2782 1467 2821 marg.
1489 2765 1686 2820 μέλαθρον

335 2835 434 2885 418.
467 2833 604 2893 γαῖαν]
640 2836 727 2876 ἀντὶ
748 2838 817 2875 τοῦ
843 2836 954 2887 γαίης

336 2913 431 2955 435.
465 2902 566 2961 δήθ’]
599 2905 659 2945 ἐπὶ
681 2905 807 2945 πολὺν
831 2905 973 2957 χρόνον
1832 2926 1882 2961 40

338 2971 562 3030 λεγώμεθα]
597 2973 846 3026 ἠθροισμένοι
869 2975 970 3025 ὦμεν
