1974 3305
229 237 295 280 27.

228 309 296 350 30.

257 378 298 415 4.

257 433 296 474 6.

112 374 210 412 421.

232 581 296 611 12.

233 646 296 690 15.

231 719 295 758 19.

229 774 296 816 26.

228 855 297 897 30.

112 923 210 961 422.
257 924 298 962 4.

231 1058 295 1100 15-

229 1128 296 1171 23.

228 1265 295 1304 24.

110 1334 208 1377 423.
257 1335 295 1430 Ξ.

231 1542 294 1583 13.

231 1606 295 1650 15.

227 1677 294 1707 20.

228 1814 295 1858 23.

231 1884 295 1912 10.

230 1952 293 1980 11.

229 2019 295 2049 20.

110 1883 208 1922 424.

227 2157 295 2199 30.

111 2220 209 2266 425.
255 2226 296 2263 4.

706 132 930 170 ιΛιΑΔοΣ
973 132 1029 170 M.
1071 131 1154 183 (12
1167 131 1181 182 )

328 229 540 271 Λαπιθάων
562 231 789 284 αἰχμητάων

329 299 422 340 αὔας
441 300 543 350 βόας

331 368 367 406 οἱ
389 365 422 406 δ’
445 368 526 409 ἰθὺς
548 368 643 419 πρὸς
664 371 795 420 τεῖχος

324 432 468 475 ’Ἄσιον
508 435 608 487 ἀμφὶ
659 435 804 475 ἄνακτα
847 436 910 476 καὶ

370 501 547 553 Ἰαμενὸν
568 503 630 542 καὶ
649 502 845 554 Ὀρέστην

327 573 464 622 Τρῶας
486 571 581 623 ἀτὰρ
607 574 780 611 ΔαναῶνΧ

330 639 371 678 ἐκ
393 640 434 678 δὲ
460 641 512 679 τὼ
535 639 694 689 ἀΐξαντε

328 708 459 760 δοχμώ
481 706 512 747 τ’
537 707 723 749 ἀΐσσοντε

328 779 489 816 λαοῖσιν
512 777 724 829 καθύπερθε

331 843 377 886 ἃς
397 843 433 884 τ’
457 845 598 896 ἄνεμος
622 844 711 896 ζαής

331 912 380 955 ὡς
414 917 489 954 τῶν
525 915 565 954 ἐκ
609 917 751 966 χειρῶν
785 912 910 964 βέλεα

369 980 457 1033 ῥέον

327 1049 461 1102 πάγχυ
480 1049 587 1101 μάλ’,
610 1051 654 1091 οὐ
675 1051 751 1103 γὰρ
773 1049 889 1103 ἔγωγ’

329 1117 469 1169 ἄνδρας
500 1121 740 1170 θηρητῆραςε
772 1119 817 1159 τὸ
843 1121 909 1168 θη-

369 1189 533 1238 ρητῆρας
554 1190 632 1227 (zeb.

327 1254 446 1295 ἄλλοι
467 1257 499 1295 δ’
522 1255 621 1307 ἀμφ’
644 1255 792 1306 ἄλλῃσι

327 1322 451 1374 πάντη
472 1325 546 1376 γὰρ
567 1324 653 1376 περὶ
674 1328 802 1377 τεῖχος

287 1423 295 1432 .
327 1390 501 1444 Ἀργεῖοι
522 1395 561 1433 δὲ
585 1393 646 1433 καὶ
669 1393 883 1446 ἀχνύμενοί

370 1477 442 1511 περ
465 1460 612 1516 ἀνάγκῃ

328 1527 574 1581 ἐπιτάρροθοι

330 1596 507 1648 Ἰαμενὸν
530 1598 591 1638 καὶ
614 1598 806 1650 Ὀρέστην

327 1666 414 1718 ὄφρ’
448 1667 484 1706 οἱ
514 1666 603 1708 τοὺς
635 1667 810 1718 ἐνάριζον
842 1667 907 1708 ἀπ’

366 1734 476 1775 ἔντεα
500 1736 766 1787 μαρμαίροντα

326 1802 517 1855 ὑψιπέτης

328 1872 453 1913 αἰετὸς
473 1871 668 1924 ὑψιπέτης

327 1940 428 1991 κόψε
449 1942 524 1991 γὰρ
545 1939 662 1981 αὐτὸν
679 1941 821 1993 ἔχοντα

322 2005 467 2059 ‘'Em-op
507 2009 567 2048 ἀεὶ
606 2008 677 2059 μέν
717 2026 798 2051 πως
841 2026 908 2059 μοι

371 2075 632 2127 ἐπιπλήσσεις

328 2146 448 2195 δῆμον
470 2145 586 2185 ἐόντα

329 2211 402 2253 ὧδέ
416 2212 457 2266 χ’
478 2214 724 2265 ὑποκρίναιτο
746 2214 906 2264 θεοπρό-

369 2297 464 2323 ποςε
498 2282 615 2332 εἰδείη
639 2281 786 2334 τεράων

287 2381 295 2390 .
328 2348 394 2390 τὸν
416 2348 447 2390 δ’
475 2348 532 2401 ἄρ’
559 2351 708 2402 ὑπόδρα
731 2351 820 2391 ἰδών

325 2415 452 2470 ὦρσεν
473 2417 507 2458 κ’
529 2417 595 2459 ἀπ’
616 2417 770 2459 Ἰδαίων
787 2419 907 2471 ὀρέων

375 2486 471 2538 (sie)

286 2587 294 2595 .
325 2554 350 2604 ἤ
369 2553 407 2606 ῥ’
433 2555 511 2596 ἰθὺς
538 2558 638 2606 νηῶν
662 2556 793 2606 κονίην

286 2655 294 2663 .
327 2623 500 2674 κρόσσας
520 2625 594 2674 μὲν
615 2624 772 2676 πύργων
795 2624 906 2675 ἔρυον

285 2724 293 2732 .
326 2692 499 2743 κρόσσας
519 2691 589 2743 μέν

326 2759 474 2810 στήλας
494 2777 535 2801 τε
558 2762 787 2812 προβλῆτας

287 2860 294 2869 .
327 2829 453 2869 ἄλλον
471 2830 683 2881 μειλιχίοις

327 2898 369 2939 ὅς
390 2913 430 2937 τε
452 2898 688 2950 χερειότερος

327 2969 451 3008 νεῖκος
473 2964 757 3015 ἀπωσαμένους

1096 245 1163 274 21.

1693 132 1776 170 305

1197 231 1326 282 δηΐους
1347 232 1460 284 προτὶ
1483 232 1582 272 ἄστυ
1604 233 1759 273 δίεσθαι

979 311 1077 352 427.
1129 314 1163 341 Ι.
1197 301 1362 353 νιφέμεν
1387 301 1627 353 ἀνθρώποισι

980 571 1078 622 428.

979 1268 1077 1309 429.

977 1612 1074 1653 430·

977 1818 1075 1859 431-

977 2225 1076 2268 432-

975 2839 1073 2881 433·

1099 382 1163 423 13.

1097 449 1164 478 22.

1096 514 1164 556 27.

1103 581 1167 624 15.

1098 721 1166 751 20.

1156 1359 1163 1367 .
1199 1328 1261 1367 καὶ
1307 1327 1472 1368 πυλέων·

1197 371 1345 410 εἰλῦται

1198 439 1237 477 αἱ
1257 439 1330 485 μὲν
1351 437 1409 489 ἄρ’
1432 439 1472 480 ἐς
1491 441 1630 489 Τρῶας

1198 505 1373 547 ἀντίθεος
1396 507 1629 557 Σαρπηδόνα

1199 574 1384 626 χρυσείῃς
1423 573 1610 625 ῥάβδοισι
1657 577 1781 625 διηνε-

1242 641 1358 682 κέσιν
1384 642 1473 693 περὶ
1494 643 1638 683 κύκλον

1200 710 1269 761 τὴν
1294 709 1351 762 ἄρ’
1376 711 1445 763 ὅγε
1466 712 1616 763 πρόσθε
1638 712 1782 764 σχόμε-

1240 796 1305 820 νος

1157 879 1166 888 .
1198 847 1335 898 μήλων
1356 847 1595 900 πειρήσοντα

1159 948 1166 956 .
1201 916 1273 957 σὺν
1334 916 1422 957 κυσὶ
1482 917 1544 956 καὶ
1597 917 1782 968 δούρεσσι

1239 983 1525 1037 φυλάσσοντας
1546 984 1632 1037 περὶ
1652 987 1759 1036 μῆλα

1158 1085 1166 1093 .
1198 1054 1309 1103 ἴομεν
1329 1052 1375 1103 ἠέ
1396 1069 1448 1107 τῳ

1155 1154 1162 1162 .
1196 1122 1396 1172 πάπτηνεν
1446 1120 1476 1162 δ’
1519 1123 1593 1162 ἀνὰ
1633 1123 1782 1175 πύργον

1240 1188 1415 1243 Ἀχαιῶν

1206 1259 1214 1270 ἱ
1281 1257 1290 1270 9
1324 1260 1330 1270 l
1372 1260 1381 1272 Ι
1434 1257 1443 1271 5
1505 1261 1521 1274 ,l
1668 1260 1679 1274 Ι

1157 1291 1164 1298 .
1198 1274 1237 1299 ες
1259 1261 1279 1298 ὃ
1315 1276 1434 1309 ενοησ
1469 1262 1611 1300 Αιαντε
1634 1262 1710 1300 δυω

1529 1331 1654 1368 πᾶσαι
1705 1329 1780 1380 γὰρ

1238 1394 1418 1450 ἐπῴχατο

1154 1495 1162 1503 .
1195 1463 1298 1515 αἶψα
1320 1462 1352 1503 δ’
1376 1463 1437 1504 ἐπ’
1460 1465 1608 1504 Αἴαντα
1629 1464 1754 1516 προΐει

1153 1560 1161 1569 .
1195 1531 1309 1584 ἔρχεο
1331 1535 1387 1572 δῖε
1412 1535 1555 1573 Θοῶτα
1612 1568 1614 1585 4

1154 1632 1161 1640 .
1197 1601 1264 1640 καί
1341 1602 1377 1640 οἱ
1447 1604 1618 1653 Τεῦκρος
1711 1602 1777 1653 ἅμ’

1239 1669 1394 1709 ἑπέσθω

1193 1737 1346 1790 τείχους
1369 1736 1477 1779 ἐντὸς
1500 1738 1624 1780 ἰόντες

1158 1838 1164 1845 .
1202 1807 1245 1860 ἰῷ
1269 1806 1542 1856 ἐπεσσύμενον

1202 1871 1218 1887 5*
1255 1872 1282 1888 t,
1308 1875 1325 1888 »ΙΙ
1569 1874 1577 1888 Ι

1154 1906 1161 1913 .
1196 1891 1217 1924 ῃ
1243 1893 1265 1926 ρ
1310 1876 1365 1914 ιδε
1396 1877 1649 1926 γυμνωθεντα
1679 1880 1776 1928 βρα-

1238 1943 1354 1995 χίονα

1153 2042 1161 2050 .
1192 2009 1396 2060 βλήμενον
1418 2009 1603 2062 ἀθρήσειε

1155 2111 1161 2117 .
1195 2076 1341 2130 χάζετ’,
1369 2079 1458 2119 ἐπεί
1479 2079 1516 2117 οἱ
1541 2079 1659 2129 θυμὸς
1690 2080 1775 2121 ἐέλ-

1237 2162 1330 2186 πΕΤΟ

1156 2245 1163 2254 .
1195 2214 1346 2266 τείχεος
1367 2213 1555 2254 ἔντοσθεν

1153 2314 1160 2321 .
1195 2281 1362 2322 ἀσπίδας
1385 2281 1595 2324 εὐκύκλους

1153 2382 1160 2389 .
1194 2348 1291 2399 ἠμὲν
1312 2349 1386 2403 ὅτῳ
1409 2350 1641 2402 στρεφθέντι

1153 2450 1160 2457 .
1192 2416 1316 2467 πάντη
1339 2417 1384 2468 δὴ
1409 2418 1552 2470 πύργοι

1153 2518 1160 2526 .
1193 2486 1218 2536 ἤ
1247 2502 1289 2526 τε
1321 2485 1498 2536 σταθμὸν
1528 2486 1677 2540 ἔχουσα
1711 2490 1773 2530 καὶ

1233 2555 1352 2606 εἴριον

1152 2654 1160 2662 .
1194 2620 1381 2671 ἰσάζουσ’,
1405 2622 1470 2662 ἵνα
1490 2623 1627 2664 παισὶν

1153 2722 1160 2730 .
1192 2689 1314 2740 ἤϋσεν
1335 2688 1377 2730 δὲ
1398 2690 1628 2741 διαπρύσιον

1152 2790 1159 2797 .
1192 2758 1243 2800 ὣς
1266 2757 1356 2810 φάτ’
1378 2758 1599 2809 ἐποτρύνων

1124 2839 1159 2866 I·

1193 2825 1398 2878 κροσσάων
1420 2825 1634 2876 ἐπέβαινον
1649 2827 1772 2882 ἀκαχ-

1232 2893 1328 2945 μένα
1349 2893 1502 2946 δούρατ’
1524 2894 1681 2949 ἔχοντες

1192 2962 1364 3015 εἱστήκει
1387 2966 1533 3016 πρόσθε
