1974 3305
102 265 198 308 282.
244 278 285 316 4.

721 165 946 204 ΙΛιΑΔοΣ
990 165 1019 203 1.
1063 162 1145 215 (9)

318 266 454 308 αὐτίκα
474 266 504 308 δ’
525 267 652 308 αἰετὸν
668 266 735 317 ἧκε
750 267 896 306 τελειό-

359 352 476 376 τατον
715 335 723 340 ’

219 415 268 444 12
292 406 335 443 et
361 416 425 453 14.
457 404 692 456 πανομφαίῳ

215 482 283 512 20.

216 539 283 580 26.

214 619 283 661 30.

101 673 196 729 283.
244 687 283 729 3.

242 750 282 794 5.

215 822 282 852 22.

215 888 282 930 27.

314 475 483 523 Τεῦκρος
505 470 536 511 δ’
559 471 709 512 εἴνατος

315 538 517 590 παπτήνας

317 607 378 647 καὶ
399 606 662 648 Μελάνιππον
684 621 764 647 om.

316 674 338 714 ὅ
359 674 398 714 σ’
419 674 559 727 ἔτρεφε

315 743 383 783 καί
400 759 448 784 σε
471 744 586 784 νόθον
609 760 680 795 περ
703 744 816 784 ἐόντα

315 811 455 853 ἵππους
470 825 551 851 om.

315 880 356 920 ἐκ
397 882 466 919 τοῦ
512 879 557 930 δὴ
597 879 746 930 τόξοισι
793 881 897 919 δεδε-

359 948 499 999 γμένος

276 1047 283 1056 .
315 1015 447 1065 μήκων
468 1014 502 1055 δ’
524 1016 573 1057 ὡς
596 1015 763 1066 ἑτέρωσε

275 1115 284 1124 .
315 1082 449 1134 μήκων
470 1082 503 1124 δ’
525 1084 576 1125 ὡς

274 1183 282 1192 .
316 1151 448 1205 καρπῷ
469 1150 684 1203 βριθομένη

274 1252 282 1261 .
315 1219 406 1260 ἀλλ’
429 1218 749 1273 Ἀρχεπτόλεμον

273 1320 283 1329 .
315 1289 336 1329 ὁ
357 1287 399 1329 δὲ
420 1287 651 1342 χερμάδιον;
689 1289 709 1328 ὁ
737 1288 780 1328 δέ
808 1288 895 1341 (sic,

356 1356 532 1410 repetito
555 1358 575 1397 ὁ
595 1356 651 1409 δέ)

273 1457 281 1466 .
314 1425 525 1478 αὐερύοντα

273 1525 281 1534 .
312 1494 403 1545 ῥῆξε
424 1495 467 1534 δέ
486 1495 523 1535 οἱ
543 1492 683 1544 νευρήν

274 1594 282 1603 .
313 1561 410 1615 χεῖρ’
436 1562 498 1602 ἐπὶ
521 1562 650 1617 καρπῷ

273 1662 282 1671 .
314 1631 419 1670 ἀλλὰ
439 1629 540 1671 θέων

275 1727 283 1736 .
317 1694 535 1746 ἀλλήλοισί
552 1711 595 1736 τε
617 1697 843 1746 κεκλόμενοι

273 1795 281 1804 .
315 1766 486 1816 Γοργοῦς
506 1763 647 1815 ὄμματ’
670 1764 773 1817 ἔχων

274 1864 282 1873 .
315 1831 591 1883 κεκαδησόμεθ’
615 1846 696 1873 om.

274 1932 283 1941 .
316 1901 411 1941 κύνα
424 1898 564 1941 ”Αιδου

315 1968 464 2020 Στυγὸς
483 1970 622 2010 ὕδατος

274 2069 283 2078 .
315 2037 340 2087 ἤ
361 2037 398 2077 οἱ
418 2034 572 2089 γούνατ’
596 2036 738 2077 ἔκυσσε

275 2137 284 2147 .
316 2105 410 2147 ὅταν
431 2119 512 2145 om.

275 2206 284 2215 .
317 2174 350 2214 εἰ
370 2177 439 2215 νῶϊ

316 2240 470 2283 πέπλον
491 2243 561 2291 μὲν
582 2239 792 2294 κατέχευεν

317 2309 457 2360 λάζετο
479 2309 513 2350 δ’
536 2309 651 2362 ἔγχος

276 2411 285 2420 .
315 2378 433 2431 βριθὺ
453 2376 557 2430 μέγα

318 2447 532 2498 αὐτόμαται
553 2448 595 2487 δὲ
615 2447 736 2487 πύλαι

276 2547 286 2557 .
317 2514 436 2567 βάσκ’
462 2516 515 2556 ἴθι
539 2513 615 2567 Ἶρι
641 2514 785 2566 (Codex
810 2514 898 2564 ἥρη)

360 2587 502 2638 ταχεῖα

277 2685 286 2694 .
320 2653 477 2705 γυιώσω
497 2653 572 2703 μὲν
594 2654 722 2703 σφῶϊν
741 2650 810 2702 ὑφ’
833 2649 899 2701 ἅρ-

360 2737 483 2772 μασιν
507 2719 632 2761 ὠκέας
653 2720 791 2760 ἵππους

320 2789 396 2830 αἰεὶ
417 2787 493 2841 γάρ
513 2804 578 2839 μοι
601 2787 722 2827 ἔωθεν
744 2787 900 2826 ε’νικλᾶν

363 2856 446 2897 ὅττι
468 2872 532 2896 κεν
554 2856 647 2896 εἴπω

279 2958 287 2967 .
319 2923 408 2977 ὄφρ’
434 2924 474 2965 εὗ
496 2925 608 2978 εἰδῇς,
632 2925 835 2974 γλαυκῶπι

968 822 1062 863 291.

971 1097 1065 1137 292.

968 1303 1062 1344 293.

968 1507 1062 1547 294.

967 1709 1061 1753 295.

969 2179 1065 2232 296.

1082 276 1149 316 29.

1678 158 1763 199 35⁷

1181 267 1257 304 τῶν
1289 263 1425 304 ἄλλων
1461 264 1531 313 μὲν
1572 262 1763 313 ἀποφθεί-

1227 335 1307 372 σθω

1183 400 1277 453 πρὸς
1300 401 1444 441 ἐνώπια
1469 400 1765 452 παμφανόωντα

1140 501 1148 509 .
1181 469 1396 518 Οὔλυμπον
1418 469 1458 508 δὲ
1482 468 1596 508 δίωκε

1139 569 1147 577 .
1180 535 1331 587 ἅρματα
1352 535 1384 575 δ’
1407 535 1454 576 ἂν
1475 538 1647 586 βωμοῖσι

1141 637 1149 645 .
1183 605 1278 644 κατὰ
1297 607 1388 643 λῖτα

1142 704 1149 712 .
1183 673 1222 712 αἱ
1242 670 1272 712 δ’
1297 670 1375 711 οἶαι
1398 672 1494 713 Διός

1141 773 1148 781 .
1182 741 1225 781 οὐ
1246 738 1320 790 μέν
1341 742 1410 789 θην
1432 738 1596 789 κάμετόν
1617 755 1662 791 γε

1183 809 1250 849 οὐκ
1271 807 1318 849 ἂν
1339 806 1618 863 ἐφίὑμετέρων
1638 806 1764 860 ὀχέων

1225 876 1417 929 πληγέντε

1143 978 1151 986 .
1182 947 1271 997 πρὶν
1292 946 1404 997 ὄρθαι

1185 1016 1330 1055 στείνει
1351 1015 1392 1054 ἐν
1414 1012 1603 1067 αἰνοτάτῳ

1183 1085 1223 1124 ἐν
1245 1082 1275 1123 δ’
1299 1081 1406 1123 ἔπεσ’
1430 1081 1609 1135 Ὠκεανῷ

1184 1153 1225 1192 ἐν
1249 1151 1414 1205 καθαρῷ,
1437 1151 1498 1190 ὅθι
1521 1149 1566 1200 δὴ
1591 1150 1734 1190 νεκύων

1140 1254 1147 1262 .
1175 1219 1378 1271 Ἀργείους
1400 1218 1461 1258 καὶ
1483 1221 1575 1269 νῆας

1144 1322 1151 1329 .
1185 1289 1295 1328 σῖτόν
1308 1286 1340 1327 τ’
1357 1289 1397 1328 ἐκ
1410 1284 1762 1339 μεγάρωνᾶξεσθαι

1142 1390 1149 1398 .
1183 1356 1356 1396 Lemma
1377 1370 1459 1395 om.

1141 1454 1150 1463 .
1183 1427 1302 1475 μῦθος
1325 1423 1354 1463 δ’
1376 1424 1419 1466 ὅς

1180 1494 1243 1534 οὓς
1267 1495 1376 1544 κῆρες
1397 1493 1608 1544 φορέουσιν

1140 1595 1147 1602 .
1182 1564 1363 1612 εἵσσομαι
1386 1560 1474 1614 (sie)

1141 1665 1147 1672 .
1181 1632 1313 1682 αὔριον
1332 1630 1379 1680 ἣν
1401 1628 1540 1680 ἀρετήν

1140 1732 1147 1739 .
1182 1701 1215 1739 εἰ
1235 1700 1307 1750 γὰρ
1331 1698 1433 1749 ἐγὼν
1455 1698 1503 1739 ὥς

1139 1802 1146 1810 .
1175 1769 1237 1809 ἐπὶ
1258 1768 1297 1807 δὲ
1321 1770 1453 1817 Τρῶες
1475 1765 1695 1814 κελάδησαν

1142 1869 1149 1877 .
1183 1837 1218 1876 οἱ
1245 1837 1286 1876 δὲ
1315 1835 1417 1887 μέγα
1442 1833 1671 1886 φρονέοντες
1702 1832 1762 1873 ἐπὶ

1228 1903 1438 1954 πτολέμοιο
1464 1903 1612 1956 γεφύρῃ

1183 1973 1233 2015 ὡς
1255 1971 1288 2012 δ’
1312 1969 1365 2011 ὅτ’
1391 1972 1432 2011 ἐν
1454 1970 1602 2025 οὐρανῷ
1636 1970 1764 2022 ἄστρα

1225 2040 1391 2093 φαεινὴν
1412 2040 1512 2090 ἀμφὶ
1533 2037 1706 2089 σελήνην

1143 2143 1150 2151 .
1184 2111 1224 2150 ἔκ
1251 2108 1284 2148 τ’
1307 2109 1454 2161 ἔφανεν
1475 2110 1600 2148 πᾶσαι

1145 2211 1152 2219 .
1184 2179 1313 2218 τόσσα
1333 2177 1485 2229 μεσηγὺ
1508 2179 1604 2216 νεῶν

1183 2247 1287 2287 εἵατο
1309 2244 1546 2295 πεντήκοντα
1573 2244 1673 2297 σέλᾳ
1694 2259 1762 2283 πυΒ

1225 2315 1290 2365 ρός

1288 2533 1317 2569 Ι-
1378 2529 1460 2580 (9)

971 2656 1067 2710 296.
1087 2668 1154 2707 24.
1187 2655 1237 2698 ὣς
1267 2656 1304 2695 οἱ
1333 2656 1406 2705 μὲν
1425 2656 1557 2705 Τρῶες
1586 2652 1765 2705 φυλακὰς

1086 2792 1154 2835 27.

1221 2724 1313 2777 ἔχον

1186 2781 1377 2830 θεσπεσίη
1400 2780 1467 2833 ἔχε
1491 2779 1594 2831 φύζα

971 2861 1066 2905 297.
1116 2859 1154 2902 5.
1187 2849 1322 2890 πένθεϊ
1352 2847 1383 2888 δ’
1411 2846 1562 2902 ἀτλήτῳ
1588 2845 1764 2898 βεβολή-

1233 2934 1302 2958 &TO

1096 2999 1159 3028 12.
1193 2986 1241 3028 ὡς
1263 2984 1295 3025 δ’
1318 2985 1451 3035 ἄνεμοι
1473 2984 1538 3024 δύο
