1974 3305
277 152 363 192 326
806 157 1031 195 ΙΛιΑΔΟΣ
1072 158 1119 195 Λ.
1161 156 1273 209 (11)

337 253 431 306 169.
463 252 842 311 λύθρῳ-ἀάπτους]
875 259 928 310 τῷ
961 256 1003 296 ἐκ
1032 256 1160 309 μάχης
1190 258 1413 308 μολύσματι
1450 257 1718 312 συνισταμένῳ
1756 256 1801 297 δι’

277 322 333 374 (ἐξ
356 320 553 374 Cobetus)
577 323 733 374 ἱδρῶτος
755 323 816 364 καὶ
838 324 978 367 κόνεως
1000 324 1061 364 καὶ
1083 325 1241 375 αἵματος

337 400 429 441 170.
463 387 614 446 φηγόν]
637 390 708 441 τὴν
728 394 820 443 δρῦν
993 390 1142 449 ἵκοντο]
1167 395 1203 434 οἱ
1222 397 1353 443 Τρῶες
1374 395 1556 444 δηλονότι

336 467 429 510 174.
461 461 506 514 τῇ
528 458 572 499 δέ
591 462 624 499 τ’
647 457 704 516 ἶῇ]
727 460 797 514 μιᾷ
820 460 862 501 δέ
882 476 956 501 τινι
979 461 1104 502 αὐτῶν

336 526 428 578 176.
460 525 682 585 λαφύσσει]
705 531 803 579 μετὰ
825 533 999 580 σκυλμοῦ
1023 531 1146 571 ἐσθίει
1344 542 1393 581 17
1402 541 1437 582 7.
1471 528 1615 586 ἔφεπε]
1640 531 1803 571 κατόπιν
1825 529 1848 567 5

278 594 410 634 ἐδίωκε

334 662 427 714 178.
457 663 524 703 τὸν
545 663 779 721 ὀπίστατον]
814 666 880 706 τὸν
905 666 1076 719 ἔσχατον
1255 676 1347 719 179.
1381 664 1555 723 πρηνεῖς]
1589 667 1651 707 ἐπὶ
1677 668 1802 718 πρόσ-

274 746 379 771 ωπον

334 798 426 840 180.
461 801 547 850 περὶ
567 801 641 851 πρὸ
662 799 757 857 γὰρ]
782 802 868 841 ἀντὶ
888 805 957 842 τοῦ
977 805 1174 853 περισσῶς
1196 799 1357 855 (περισῗτ
1377 803 1432 854 Α)

333 867 426 922 183.
458 867 694 924 πιδηέσσης]
720 870 907 920 καθύδρου
1085 870 1177 923 189.
1211 868 1398 926 ἀνώχθω]
1424 870 1613 910 κελευέτω
1825 871 1877 897 10

333 948 425 987 191.
457 934 609 992 τυπείς]
641 939 806 988 βληθείς
983 950 1076 989 192.
1110 940 1162 981 εἷς
1192 939 1331 981 ἵππους
1358 936 1512 995 ἅλεται]
1547 941 1601 981 εἷς
1631 938 1675 979 τὸ
1700 938 1803 991 ἅρμα

271 1004 416 1059 ἀνέλθῃ

332 1085 425 1127 193.
460 1072 723 1131 ἐϋσσέλμους]
750 1075 945 1116 εὐκώπους

331 1149 424 1193 195.
456 1140 692 1198 ποδήνεμος]
720 1145 787 1194 ἴση
814 1142 969 1194 ἀνέμοις
996 1145 1090 1184 κατὰ
1116 1143 1158 1183 τὸ
1180 1143 1301 1198 τάχος
1462 1156 1558 1185 201.
1589 1141 1691 1200 τεΐν]
1722 1145 1798 1193 σοὶ,

271 1212 454 1260 Δωρικῶς
1825 1210 1870 1247 15

327 1289 422 1328 214.
456 1278 741 1337 ἐλελίχθησαν]
767 1279 1098 1333 συνεστράφησαν
1247 1282 1340 1323 216.
1375 1279 1560 1338 ἀρτύνθη]
1583 1281 1800 1333 ἡτοιμάσθη

327 1359 423 1402 223.
459 1346 627 1405 Κισσῆς]
653 1348 831 1392 Κισσέως
853 1348 1024 1402 θυγάτηρ

327 1427 423 1466 224.
455 1415 730 1474 μητροπάτωρ]
755 1419 775 1458 ὁ
796 1421 863 1469 τῆς
883 1418 1025 1470 μητρὸς
1046 1418 1170 1471 πατήρ

326 1493 422 1536 225.
455 1486 556 1525 ἵκετο
576 1484 736 1543 μέτρον]
761 1486 932 1538 ἠνδρώθη
1113 1487 1208 1528 226.
1242 1487 1434 1540 θυγατέρα
1464 1484 1533 1543 ἤν]
1566 1486 1635 1537 τὴν
1662 1484 1798 1527 Ἱππο-

267 1551 428 1602 δάμειαν
1824 1550 1875 1576 ²⁰

325 1632 422 1673 229.
454 1620 660 1678 Περκώτῃ]
685 1623 798 1665 πόλις
974 1624 1068 1678 236.
1104 1621 1181 1663 οὐδ’
1207 1621 1336 1679 ἔτορε]
1360 1624 1447 1663 οὐδὲ
1469 1623 1629 1675 διέκοψε

325 1700 420 1744 237.
456 1688 666 1747 ἀντομένη]
689 1691 950 1742 ὑπαντήσασα
1111 1689 1309 1748 ἐτράπετ’]
1335 1693 1387 1732 εἰς
1409 1691 1579 1731 τούπίσω
1602 1691 1796 1742 ἀνετράπη

326 1770 420 1808 242.
454 1756 623 1815 οἰκτρός]
647 1761 775 1800 οἴκτου
798 1760 860 1800 καὶ
880 1760 994 1800 ἐλέου
1015 1760 1120 1810 ἄξιος
1148 1760 1272 1813 (ἄξιον
1292 1760 1348 1812 A)

323 1825 522 1883 ἀστοῖσιν]
546 1832 625 1870 τοῖς
647 1829 758 1871 ἰδίοις
780 1829 954 1871 πολίταις
1123 1841 1218 1883 243.
1250 1826 1314 1885 ἧς]
1338 1827 1429 1879 παρ’
1453 1828 1495 1878 ἧς
1660 1825 1793 1884 χάριν]

267 1895 489 1935 ἀπόλαυσιν
1818 1890 1869 1926 ²5

324 1971 419 2014 245.
452 1963 624 2021 ἄσπετα]
648 1966 1007 2017 ἀπαρακολούθητα,
1033 1966 1164 2006 πολλά

324 2032 418 2081 248.
453 2032 702 2089 ἀριδείκετος]
728 2034 827 2074 πάνυ
850 2033 1006 2084 ἔνδοξος

323 2109 417 2151 251.
453 2098 585 2157 εὐράξ]
611 2103 652 2141 ἐκ
674 2103 844 2154 πλαγίου
1036 2112 1131 2157 253.
1165 2100 1318 2159 διέσχε]
1343 2104 1518 2153 διεξῆλθε

323 2178 417 2221 257.
451 2167 640 2226 ὄπατρον]
665 2172 899 2222 ὁμόπατρον,
924 2170 1101 2223 συγκοπή

321 2237 416 2289 258.
450 2238 512 2279 καὶ
533 2236 660 2295 ἀΰτει]
685 2240 747 2280 καὶ
769 2240 901 2280 ἐκάλει
1813 2235 1864 2270 30

319 2306 412 2348 261.
444 2311 525 2347 τοῖο
548 2304 602 2364 δῖ]
632 2309 806 2348 τοιούτου
828 2308 871 2348 δέ
1048 2307 1143 2348 266.
1177 2305 1384 2364 ἀνήνοθεν]
1409 2307 1618 2359 ἀνεφέρετο

317 2375 413 2427 267.
446 2373 646 2432 ἐτέρσετο]
671 2375 891 2428 ἐξηραίνετο
1070 2374 1164 2417 268.
1198 2373 1340 2432 ὀξεῖαι]
1366 2379 1544 2427 δριμεῖαι,
1569 2377 1744 2427 σφοδραί

318 2454 412 2496 270.
443 2441 631 2501 προϊεῖσι]
665 2444 941 2496 προπέμπουσι
1166 2441 1423 2500 μογοστόκοι]
1458 2445 1497 2484 αἱ
1527 2444 1615 2486 τοὺς
1644 2445 1789 2497 μόγους

259 2513 579 2565 ἐπικουφίζουσαι
602 2514 881 2566 (ἐπικουφίζων
901 2514 960 2564 Α)

317 2578 552 2637 Εἰλείθυιαι]
577 2581 661 2621 θεαὶ
682 2584 760 2621 τῶν
785 2585 996 2622 τικτουσῶν
1018 2582 1155 2634 ἔφοροι
1810 2571 1859 2611 35

317 2659 412 2700 272.
446 2646 578 2705 δῦνον]
602 2651 843 2699 ὑπεισῆλθον
1022 2660 1115 2702 274.
1148 2647 1310 2706 ἤχθετο]
1336 2651 1528 2700 ἐλυπεῖτο,
1552 2650 1733 2701 ἐβαρεῖτο

315 2727 366 2768 27
372 2726 408 2768 5.
441 2714 691 2773 διαπρύσιον]
716 2719 1014 2768 διαπορεύσιμον
1189 2715 1389 2774 γεγωνώς]
1414 2719 1774 2770 παρακελευόμενος

316 2784 412 2827 280.
444 2783 606 2842 ἵμασεν]
640 2784 849 2837 ἐμάστιξεν
1024 2786 1120 2827 281.
1153 2789 1244 2837 νῆας
1275 2787 1338 2827 ἐπὶ
1368 2783 1592 2841 γλαφυράς]
1627 2786 1689 2826 ἐπὶ
1719 2788 1788 2828 τὰς·

258 2854 394 2895 κοίλας

316 2921 409 2962 282.
443 2919 610 2979 ἄφρεον]
635 2923 764 2974 ἵδρουν
939 2921 1138 2979 ῥαίνοντο]
1164 2925 1452 2973 ε’κοιίορτοῦντο
1806 2924 1856 2958 40

316 2988 408 3029 288.
443 2989 625 3046 ὤριστος]
659 2991 826 3041 ἄριστος,
856 2992 1012 3043 ἰσχυρός
1192 3004 1285 3044 293.
1320 2991 1512 3045 ἀγροτέρῳ
1546 2988 1629 3046 συῒ]
1664 2992 1784 3044 ἀγρίῳ

258 3058 375 3110 χοίρῳ
