1974 3305
681 139 906 178 [ΛΙΑΔΟΣ
951 140 981 177 1.
1023 137 1107 190 (9)
1577 130 1659 170 317

804 278 834 313 1.
896 274 994 326 (9)

195 387 230 416 Ι,
262 375 312 418 ὣς
333 376 370 415 οἱ
389 376 463 426 μὲν
482 373 633 431 Τρῶες]
658 376 758 415 οὕτω
778 377 851 426 μὲν
873 376 909 415 οἱ
929 377 1060 426 Τρῶες
1082 373 1314 424 ἐφύλασσον

193 455 233 484 2.
265 441 477 500 θεσπεσίη]
501 444 598 493 θεία,
621 442 753 493 πολλή
929 439 1016 498 ἔχε]
1045 439 1195 492 ἐκράτει

193 509 314 568 φύζα]
338 510 446 564 φυγή
623 508 844 566 κρυόεντος]
869 513 1033 562 φρικτοῦ
1056 509 1118 548 καὶ
1134 510 1310 560 φοβεροῦ

192 593 231 634 3.
265 577 440 636 ἀτλήτῳ]
464 580 742 634 ἇνυπομονητῳ
921 574 1169 632 βεβολήατο]
1195 575 1424 627 συνείχοντο
1687 579 1710 617 5

194 658 232 699 7.
265 646 485 705 κορθύεται]
510 652 744 701 κορυφοῦται
765 648 828 688 καὶ
849 646 1006 698 αὔξεται

192 719 315 767 φῦκος
337 714 500 774 ἔχευαν]
523 717 646 768 βρύον
667 716 882 768 ἐξέβρασεν

192 786 230 825 8.
263 783 452 842 ἐδαΐζετο]
476 785 726 837 ἐσκορπίζετο

195 865 259 893 10.
293 852 431 910 φοίτα]
455 854 603 909 περιῄει
628 851 723 906 (τετΐει
744 853 800 906 A)

196 933 260 962 ΙΙ.
292 919 457 978 κλήδην]
483 926 713 972 καλοῦντας,
737 922 1000 974 κηρύσσοντας
1691 928 1738 952 10

192 987 378 1046 ἕκαστον]
402 994 478 1031 τῶν
499 991 669 1042 ἀρίστων
691 992 874 1040 δηλονότι

196 1071 260 1113 13.
286 1057 501 1115 τετιηότες]
526 1059 847 1112 ἐκπεπληγμένοι,
870 1058 1131 1109 λελυπημένοι

195 1140 260 1181 15.
293 1125 504 1185 δνοφεράν]
527 1128 654 1177 μέλαν

192 1207 261 1251 30.
293 1194 383 1253 δήν]
405 1200 542 1252 πολλῷ
563 1198 692 1251 χρόνῳ
751 1193 963 1252 τετιηότες]
987 1195 1223 1245 λυπούμενοι

191 1277 259 1320 32.
293 1263 549 1321 ἀφραδέοντι]
578 1266 826 1305 ἆσυνετοῦντι
916 1277 984 1319 33.
1016 1263 1040 1314 ἣ
1061 1262 1171 1314 θέμις
1193 1258 1321 1317 ἐστίν]
1347 1261 1397 1302 ὡς
1419 1260 1536 1310 νόμος
1560 1258 1668 1299 ἐστίν
1691 1269 1737 1305 15

192 1342 260 1389 35.
292 1334 370 1386 φὰς
391 1331 500 1390 ἔμεν]
525 1334 644 1374 εἰπὼν
666 1333 764 1374 εἶναι

190 1403 261 1454 48.
292 1400 462 1459 τέκμωρ]
485 1403 600 1444 τέλος

191 1472 261 1526 58.
295 1469 531 1527 ὁπλότατος]
556 1471 738 1523 νεώτερος
913 1466 1122 1524 γενεῆφιν]
1151 1468 1277 1509 λείπει
1298 1468 1320 1518 ἡ
1342 1469 1383 1508 ἐκ

192 1539 413 1590 πεπνυμένα
432 1537 588 1595 βάζεις]
613 1540 782 1591 φρόνιμα
803 1538 936 1591 λέγεις

193 1607 261 1662 63.
295 1605 521 1664 ἀθέμιστος]
545 1608 686 1656 ἄδικος,
710 1607 852 1658 ἄνομος
1029 1603 1229 1662 ἀνέστιος]
1254 1605 1385 1646 ἄοικος
1689 1611 1738 1635 20

193 1675 261 1728 67.
294 1674 419 1733 παρὰ]
443 1677 527 1717 ἀντὶ
552 1679 620 1717 τοῦ
641 1677 732 1726 περί

194 1755 262 1800 75.
293 1745 449 1796 βουλὴν
468 1741 689 1801 βουλεύσῃ]
713 1744 997 1795 παρωνομασία
1174 1741 1241 1794 76.
1275 1738 1454 1797 πυκινῆς]
1481 1741 1644 1790 συνετῆς

193 1815 262 1867 78.
292 1811 530 1870 διαρραίσει]
554 1816 759 1865 διαφθερεῖ
931 1812 996 1852 80.
1032 1808 1264 1867 ἐσσεύοντο]
1290 1809 1455 1866 ἐξῄεσαν

194 1894 263 1936 91.
294 1883 331 1922 οἱ
351 1880 382 1922 δ’
406 1880 464 1922 ἐπ’
489 1879 654 1938 ὀνείαθ’]
688 1882 724 1921 οἱ
755 1882 796 1921 δὲ
828 1880 890 1921 ἐπὶ
920 1882 967 1921 τὰ
995 1880 1130 1931 ἕτοιμα
1157 1879 1347 1931 βρώματα
1374 1878 1573 1929 ἐξέτεινον
1598 1876 1668 1918 τὰς

135 1953 269 2004 χεῖρας
290 1949 352 1990 καὶ
372 1949 510 2000 ἤσθιον
1689 1951 1737 1989 25

195 2031 263 2073 93.
294 2016 492 2074 ὑφαίνειν]
517 2017 816 2067 κατασκευάζειν

198 2085 291 2127 106.
324 2084 424 2136 ἐξέτι
444 2089 512 2127 τοῦ
533 2083 617 2142 ὅτε]
642 2085 707 2126 ἀπ’
730 2087 878 2126 ἐκείνου
899 2088 967 2125 τοῦ
988 2086 1132 2138 χρόνου
1155 2085 1227 2126 ἕως
1248 2087 1316 2125 τοῦ
1339 2087 1406 2124 νῦν

199 2168 294 2209 109.
326 2152 618 2211 ἀπεμυθεόμην]
643 2155 886 2206 ἀπηγόρευον

199 2237 292 2279 119.
323 2220 580 2279 λευγαλέῃσι]
605 2224 711 2265 δίνας
732 2223 913 2274 ὀλεθρίας

199 2305 293 2348 123.
327 2290 514 2349 αἴθωνας]
541 2292 628 2334 τοὺς
648 2291 745 2344 πρὸς
766 2294 841 2343 πῦρ
863 2291 1102 2341 ἐπιτηδείους
1687 2302 1738 2339 3ο

198 2374 293 2412 124.
325 2358 492 2418 πηγοὺς]
517 2361 707 2413 εὐπαγεῖς,
732 2360 934 2411 εὐτραφεῖς
1114 2354 1382 2413 ἀθλοφόρους]
1406 2356 1608 2408 γενναίους

199 2440 294 2484 125.
326 2427 482 2486 ἀλήϊος]
505 2429 638 2480 πένης,
661 2429 805 2481 ἄπορος

199 2499 294 2542 126.
324 2496 527 2555 ἐριτίμοιο]
550 2498 818 2551 μεγαλοτίμου

199 2579 292 2621 127.
323 2565 548 2624 ἠνείκαντο]
571 2564 895 2617 περιεποιήσαντο

199 2647 292 2692 137.
328 2633 436 2692 ἅλις]
461 2638 651 2688 δαψιλῶς,
676 2636 812 2676 ἱκανῶς
1687 2641 1737 2680 35

194 2702 426 2760 νηησάσθω]
450 2702 710 2756 πληρωσάτω,
733 2700 998 2754 σωρευσάσθω

199 2773 291 2828 138.
322 2770 566 2828 δατεώμεθα]
588 2771 830 2822 μεριζώμεθα
1002 2767 1125 2826 ληΐδ’]
1153 2770 1201 2809 τὰ
1221 2767 1380 2820 λάφυρα

201 2855 294 2894 141.
329 2839 466 2898 οὖθαρ]
490 2842 666 2893 γόνιμον,
688 2841 857 2892 λιπαρόν

200 2923 293 2966 143.
325 2910 441 2966 θαλίῃ
465 2909 523 2950 ἐνὶ
542 2906 693 2966 πολλῇ]
717 2910 760 2950 ἐν
780 2909 912 2965 πολλῇ
934 2908 1079 2962 εὐωχίᾳ

202 2992 295 3034 153.
327 2976 479 3034 νέαται]
503 2995 562 3031 γρ.
587 2977 649 3017 καὶ
670 2976 813 3031 ναέται,
1689 2986 1739 3021 40
