<?xml version="1.0" encoding="UTF-8"?>
<!DOCTYPE html PUBLIC "-//W3C//DTD XHTML 1.0 Transitional//EN"
    "http://www.w3.org/TR/xhtml1/DTD/xhtml1-transitional.dtd">
<html xmlns="http://www.w3.org/1999/xhtml" xml:lang="en" lang="en">
 <head>
  <title>
</title>
<meta http-equiv="Content-Type" content="text/html;charset=utf-8" />
  <meta name='ocr-system' content='tesseract 3.04.00' />
  <meta name='ocr-capabilities' content='ocr_page ocr_carea ocr_par ocr_line ocrx_word'/>
</head>
<body>
  <div class='ocr_page' id='page_1' title='image "./scholiagraecainh02homeuoft_0329.png"; bbox 0 0 1974 3305; ppageno 0'>
   <div class='ocr_carea' id='block_1_1' title="bbox 641 144 1638 200">
    <p class='ocr_par' dir='ltr' id='par_1_1' title="bbox 641 144 1638 200">
     <span class='ocr_line' id='line_1_1' title="bbox 641 144 1638 200; baseline -0.005 -13"><span class='ocrx_word' id='word_1_1' title='bbox 641 149 866 187; x_wconf 82' lang='grc' dir='ltr'>ΙΛΙΑΔΟΣ</span> <span class='ocrx_word' id='word_1_2' title='bbox 910 149 956 187; x_wconf 90' lang='grc' dir='ltr'>Κ.</span> <span class='ocrx_word' id='word_1_3' title='bbox 999 147 1110 200; x_wconf 84' lang='grc'>(10)</span> <span class='ocrx_word' id='word_1_4' title='bbox 1554 144 1638 183; x_wconf 76' lang='grc'>323</span> 
     </span>
    </p>
   </div>
   <div class='ocr_carea' id='block_1_2' title="bbox 108 246 1713 1601">
    <p class='ocr_par' dir='ltr' id='par_1_2' title="bbox 169 246 1465 306">
     <span class='ocr_line' id='line_1_2' title="bbox 169 246 1465 306; baseline -0.001 -17"><span class='ocrx_word' id='word_1_5' title='bbox 169 261 268 302; x_wconf 86' lang='lat'><strong>417.</strong></span> <span class='ocrx_word' id='word_1_6' title='bbox 302 247 520 306; x_wconf 85' lang='grc' dir='ltr'>κεκριμένη]</span> <span class='ocrx_word' id='word_1_7' title='bbox 547 249 831 302; x_wconf 88' lang='grc' dir='ltr'>ἐπιλελεγμένη</span> <span class='ocrx_word' id='word_1_8' title='bbox 1005 250 1104 299; x_wconf 91' lang='lat'>418.</span> <span class='ocrx_word' id='word_1_9' title='bbox 1137 246 1322 305; x_wconf 83' lang='grc' dir='ltr'>ἐσχάραι]</span> <span class='ocrx_word' id='word_1_10' title='bbox 1347 250 1465 299; x_wconf 85' lang='grc' dir='ltr'>πυραί</span> 
     </span>
    </p>

    <p class='ocr_par' dir='ltr' id='par_1_3' title="bbox 169 315 888 374">
     <span class='ocr_line' id='line_1_3' title="bbox 169 315 888 374; baseline 0 -16"><span class='ocrx_word' id='word_1_11' title='bbox 169 330 269 367; x_wconf 83' lang='grc'><strong>421.</strong></span> <span class='ocrx_word' id='word_1_12' title='bbox 302 315 594 374; x_wconf 83' lang='grc' dir='ltr'>ἐπιτραπέουσι]</span> <span class='ocrx_word' id='word_1_13' title='bbox 619 316 888 367; x_wconf 77' lang='grc' dir='ltr'>ἐπιτρέπουσιν</span> 
     </span>
    </p>

    <p class='ocr_par' dir='ltr' id='par_1_4' title="bbox 169 385 573 443">
     <span class='ocr_line' id='line_1_4' title="bbox 169 385 573 443; baseline -0.002 -15"><span class='ocrx_word' id='word_1_14' title='bbox 169 398 269 436; x_wconf 88' lang='grc'><strong>422.</strong></span> <span class='ocrx_word' id='word_1_15' title='bbox 303 385 447 443; x_wconf 78' lang='grc' dir='ltr'>εἵαται]</span> <span class='ocrx_word' id='word_1_16' title='bbox 473 388 573 427; x_wconf 85' lang='grc' dir='ltr'>εἰσίν</span> 
     </span>
    </p>

    <p class='ocr_par' dir='ltr' id='par_1_5' title="bbox 167 451 1351 512">
     <span class='ocr_line' id='line_1_5' title="bbox 167 451 1351 512; baseline -0.003 -17"><span class='ocrx_word' id='word_1_17' title='bbox 167 462 268 506; x_wconf 87' lang='grc'><strong>425.</strong></span> <span class='ocrx_word' id='word_1_18' title='bbox 301 452 443 512; x_wconf 88' lang='grc' dir='ltr'>δίειπε]</span> <span class='ocrx_word' id='word_1_19' title='bbox 468 455 636 507; x_wconf 83' lang='grc' dir='ltr'>ἀκριβῶς</span> <span class='ocrx_word' id='word_1_20' title='bbox 657 453 910 506; x_wconf 87' lang='grc' dir='ltr'>διασάφησον</span> <span class='ocrx_word' id='word_1_21' title='bbox 1084 451 1220 509; x_wconf 79' lang='grc' dir='ltr'>δαείω]</span> <span class='ocrx_word' id='word_1_22' title='bbox 1244 452 1351 505; x_wconf 83' lang='grc' dir='ltr'>μάθω</span> 
     </span>
    </p>

    <p class='ocr_par' dir='ltr' id='par_1_6' title="bbox 168 520 1682 579">
     <span class='ocr_line' id='line_1_6' title="bbox 168 520 1682 579; baseline -0.001 -15"><span class='ocrx_word' id='word_1_23' title='bbox 168 521 269 572; x_wconf 88' lang='grc'><strong>428.</strong></span> <span class='ocrx_word' id='word_1_24' title='bbox 303 520 492 579; x_wconf 82' lang='grc' dir='ltr'>Παίονες]</span> <span class='ocrx_word' id='word_1_25' title='bbox 521 522 633 565; x_wconf 84' lang='grc' dir='ltr'>ἔθνος</span> <span class='ocrx_word' id='word_1_26' title='bbox 654 523 854 577; x_wconf 79' lang='grc' dir='ltr'>Θρᾳκικόν</span> <span class='ocrx_word' id='word_1_27' title='bbox 1659 531 1682 570; x_wconf 90' lang='grc'>5</span> 
     </span>
    </p>

    <p class='ocr_par' dir='ltr' id='par_1_7' title="bbox 169 588 961 648">
     <span class='ocr_line' id='line_1_7' title="bbox 169 588 961 648; baseline 0.003 -18"><span class='ocrx_word' id='word_1_28' title='bbox 169 588 447 648; x_wconf 79' lang='grc' dir='ltr'>ἀγκυλότοξοι]</span> <span class='ocrx_word' id='word_1_29' title='bbox 471 592 665 642; x_wconf 84' lang='grc' dir='ltr'>ἐπικαμπῆ</span> <span class='ocrx_word' id='word_1_30' title='bbox 686 589 782 641; x_wconf 83' lang='grc' dir='ltr'>τόξα</span> <span class='ocrx_word' id='word_1_31' title='bbox 802 590 961 644; x_wconf 82' lang='grc' dir='ltr'>ἔχοντες</span> 
     </span>
    </p>

    <p class='ocr_par' dir='ltr' id='par_1_8' title="bbox 167 655 1640 716">
     <span class='ocr_line' id='line_1_8' title="bbox 167 655 1640 716; baseline 0 -16"><span class='ocrx_word' id='word_1_32' title='bbox 167 670 266 712; x_wconf 88' lang='grc'><strong>429.</strong></span> <span class='ocrx_word' id='word_1_33' title='bbox 298 657 491 716; x_wconf 81' lang='grc' dir='ltr'>Λέλεγες]</span> <span class='ocrx_word' id='word_1_34' title='bbox 516 660 627 702; x_wconf 88' lang='grc' dir='ltr'>ἔθνος</span> <span class='ocrx_word' id='word_1_35' title='bbox 648 660 819 712; x_wconf 87' lang='grc' dir='ltr'>Καρικόν</span> <span class='ocrx_word' id='word_1_36' title='bbox 971 655 1194 714; x_wconf 82' lang='grc' dir='ltr'>Καύκωνες]</span> <span class='ocrx_word' id='word_1_37' title='bbox 1219 658 1331 700; x_wconf 81' lang='grc' dir='ltr'>ἔθνος</span> <span class='ocrx_word' id='word_1_38' title='bbox 1352 659 1640 710; x_wconf 83' lang='grc' dir='ltr'>Παφλαγονίας</span> 
     </span>
    </p>

    <p class='ocr_par' dir='ltr' id='par_1_9' title="bbox 167 724 905 784">
     <span class='ocr_line' id='line_1_9' title="bbox 167 724 905 784; baseline 0.003 -18"><span class='ocrx_word' id='word_1_39' title='bbox 167 738 266 780; x_wconf 94' lang='grc'><strong>430.</strong></span> <span class='ocrx_word' id='word_1_40' title='bbox 300 724 512 784; x_wconf 85' lang='grc' dir='ltr'>Θύμβρης]</span> <span class='ocrx_word' id='word_1_41' title='bbox 536 728 654 770; x_wconf 89' lang='grc' dir='ltr'>τόπος</span> <span class='ocrx_word' id='word_1_42' title='bbox 674 730 740 778; x_wconf 82' lang='grc' dir='ltr'>τῆς</span> <span class='ocrx_word' id='word_1_43' title='bbox 760 728 905 780; x_wconf 89' lang='grc' dir='ltr'>Τροίας</span> 
     </span>
    </p>

    <p class='ocr_par' dir='ltr' id='par_1_10' title="bbox 167 792 1391 852">
     <span class='ocr_line' id='line_1_10' title="bbox 167 792 1391 852; baseline -0.001 -17"><span class='ocrx_word' id='word_1_44' title='bbox 167 806 265 848; x_wconf 82' lang='lat'><strong>431.</strong></span> <span class='ocrx_word' id='word_1_45' title='bbox 299 793 477 852; x_wconf 84' lang='grc' dir='ltr'>Μῄονες]</span> <span class='ocrx_word' id='word_1_46' title='bbox 500 797 625 836; x_wconf 91' lang='grc' dir='ltr'>Λυδοί</span> <span class='ocrx_word' id='word_1_47' title='bbox 812 807 909 850; x_wconf 77' lang='grc'><strong>432.</strong></span> <span class='ocrx_word' id='word_1_48' title='bbox 943 792 1200 850; x_wconf 82' lang='grc' dir='ltr'>διεξερέεσθε]</span> <span class='ocrx_word' id='word_1_49' title='bbox 1225 795 1391 845; x_wconf 79' lang='grc' dir='ltr'>ἐρωτᾶτε</span> 
     </span>
    </p>

    <p class='ocr_par' dir='ltr' id='par_1_11' title="bbox 110 860 1711 973">
     <span class='ocr_line' id='line_1_11' title="bbox 167 860 1711 920; baseline -0.001 -18"><span class='ocrx_word' id='word_1_50' title='bbox 167 874 266 917; x_wconf 84' lang='grc'><strong>433.</strong></span> <span class='ocrx_word' id='word_1_51' title='bbox 297 861 491 920; x_wconf 87' lang='grc' dir='ltr'>μέματον]</span> <span class='ocrx_word' id='word_1_52' title='bbox 519 866 782 914; x_wconf 85' lang='grc' dir='ltr'>προθυμεῖσθε</span> <span class='ocrx_word' id='word_1_53' title='bbox 961 876 1060 918; x_wconf 79' lang='grc'><strong>434.</strong></span> <span class='ocrx_word' id='word_1_54' title='bbox 1094 860 1298 919; x_wconf 87' lang='grc' dir='ltr'>νεήλυδες]</span> <span class='ocrx_word' id='word_1_55' title='bbox 1333 862 1471 903; x_wconf 86' lang='grc' dir='ltr'>νεωστὶ</span> <span class='ocrx_word' id='word_1_56' title='bbox 1501 864 1639 913; x_wconf 86' lang='grc' dir='ltr'>ἐληλυ-</span> <span class='ocrx_word' id='word_1_57' title='bbox 1665 874 1711 899; x_wconf 87' lang='lat'>10</span> 
     </span>
     <span class='ocr_line' id='line_1_12' title="bbox 110 930 221 973; baseline 0.045 -5"><span class='ocrx_word' id='word_1_58' title='bbox 110 930 221 973; x_wconf 75' lang='grc' dir='ltr'>θότες</span> 
     </span>
    </p>

    <p class='ocr_par' dir='ltr' id='par_1_12' title="bbox 168 998 1123 1056">
     <span class='ocr_line' id='line_1_13' title="bbox 168 998 1123 1056; baseline 0 -18"><span class='ocrx_word' id='word_1_59' title='bbox 168 1008 265 1053; x_wconf 92' lang='grc'><strong>437.</strong></span> <span class='ocrx_word' id='word_1_60' title='bbox 297 1000 520 1052; x_wconf 88' lang='grc' dir='ltr'>λευκότεροι</span> <span class='ocrx_word' id='word_1_61' title='bbox 540 998 692 1056; x_wconf 86' lang='grc' dir='ltr'>χιόνος]</span> <span class='ocrx_word' id='word_1_62' title='bbox 717 1001 737 1040; x_wconf 90' lang='grc' dir='ltr'>ὁ</span> <span class='ocrx_word' id='word_1_63' title='bbox 759 1002 900 1051; x_wconf 89' lang='grc' dir='ltr'>τρόπος</span> <span class='ocrx_word' id='word_1_64' title='bbox 921 999 1123 1052; x_wconf 79' lang='grc' dir='ltr'>ὑπερβολή</span> 
     </span>
    </p>

    <p class='ocr_par' dir='ltr' id='par_1_13' title="bbox 166 1062 1498 1124">
     <span class='ocr_line' id='line_1_14' title="bbox 166 1062 1498 1124; baseline 0.001 -17"><span class='ocrx_word' id='word_1_65' title='bbox 166 1079 266 1121; x_wconf 80' lang='grc'><strong>439.</strong></span> <span class='ocrx_word' id='word_1_66' title='bbox 297 1065 489 1124; x_wconf 85' lang='grc' dir='ltr'>πελώρια]</span> <span class='ocrx_word' id='word_1_67' title='bbox 514 1070 584 1109; x_wconf 85' lang='grc' dir='ltr'>νῦν</span> <span class='ocrx_word' id='word_1_68' title='bbox 604 1068 650 1108; x_wconf 83' lang='grc' dir='ltr'>οὐ</span> <span class='ocrx_word' id='word_1_69' title='bbox 669 1067 834 1121; x_wconf 86' lang='grc' dir='ltr'>μεγάλα,</span> <span class='ocrx_word' id='word_1_70' title='bbox 859 1069 965 1109; x_wconf 78' lang='grc' dir='ltr'>ἀλλὰ</span> <span class='ocrx_word' id='word_1_71' title='bbox 988 1070 1083 1108; x_wconf 78' lang='grc' dir='ltr'>κατὰ</span> <span class='ocrx_word' id='word_1_72' title='bbox 1107 1062 1150 1108; x_wconf 75' lang='grc' dir='ltr'>τό</span> <span class='ocrx_word' id='word_1_73' title='bbox 1174 1067 1291 1110; x_wconf 88' lang='grc' dir='ltr'>κάλος</span> <span class='ocrx_word' id='word_1_74' title='bbox 1312 1067 1498 1119; x_wconf 86' lang='grc' dir='ltr'>τεράστια</span> 
     </span>
    </p>

    <p class='ocr_par' dir='ltr' id='par_1_14' title="bbox 165 1133 1453 1192">
     <span class='ocr_line' id='line_1_15' title="bbox 165 1133 1453 1192; baseline 0 -16"><span class='ocrx_word' id='word_1_75' title='bbox 165 1146 266 1185; x_wconf 85' lang='grc'><strong>442.</strong></span> <span class='ocrx_word' id='word_1_76' title='bbox 297 1133 568 1192; x_wconf 87' lang='grc' dir='ltr'>πελάσσετον]</span> <span class='ocrx_word' id='word_1_77' title='bbox 592 1136 831 1188; x_wconf 88' lang='grc' dir='ltr'>ἀπενέγκατε</span> <span class='ocrx_word' id='word_1_78' title='bbox 1005 1150 1103 1191; x_wconf 86' lang='grc'><strong>443.</strong></span> <span class='ocrx_word' id='word_1_79' title='bbox 1139 1134 1269 1192; x_wconf 86' lang='grc' dir='ltr'>νηλέϊ]</span> <span class='ocrx_word' id='word_1_80' title='bbox 1295 1139 1453 1190; x_wconf 82' lang='grc' dir='ltr'>σφοδρῷ</span> 
     </span>
    </p>

    <p class='ocr_par' dir='ltr' id='par_1_15' title="bbox 167 1199 1710 1261">
     <span class='ocr_line' id='line_1_16' title="bbox 167 1199 1710 1261; baseline 0.001 -17"><span class='ocrx_word' id='word_1_81' title='bbox 167 1215 266 1255; x_wconf 88' lang='grc'><strong>444.</strong></span> <span class='ocrx_word' id='word_1_82' title='bbox 298 1201 483 1261; x_wconf 85' lang='grc' dir='ltr'>ἔλθητον]</span> <span class='ocrx_word' id='word_1_83' title='bbox 509 1205 596 1245; x_wconf 86' lang='grc' dir='ltr'>ἀντὶ</span> <span class='ocrx_word' id='word_1_84' title='bbox 618 1207 685 1244; x_wconf 84' lang='grc' dir='ltr'>τοῦ</span> <span class='ocrx_word' id='word_1_85' title='bbox 702 1199 742 1258; x_wconf 73' lang='grc' dir='ltr'>(ὖ</span> <span class='ocrx_word' id='word_1_86' title='bbox 757 1205 814 1257; x_wconf 92' lang='grc' dir='ltr'>Α)</span> <span class='ocrx_word' id='word_1_87' title='bbox 837 1204 1064 1255; x_wconf 87' lang='grc' dir='ltr'>ἀπήλθητον</span> <span class='ocrx_word' id='word_1_88' title='bbox 1124 1218 1222 1258; x_wconf 88' lang='grc'><strong>449.</strong></span> <span class='ocrx_word' id='word_1_89' title='bbox 1243 1202 1439 1261; x_wconf 82' lang='grc' dir='ltr'>μεθῶμεν]</span> <span class='ocrx_word' id='word_1_90' title='bbox 1463 1204 1640 1255; x_wconf 77' lang='grc' dir='ltr'>ἐάσωμεν</span> <span class='ocrx_word' id='word_1_91' title='bbox 1663 1211 1710 1250; x_wconf 85' lang='lat'>15</span> 
     </span>
    </p>

    <p class='ocr_par' dir='ltr' id='par_1_16' title="bbox 166 1269 1503 1329">
     <span class='ocr_line' id='line_1_17' title="bbox 166 1269 1503 1329; baseline 0.002 -18"><span class='ocrx_word' id='word_1_92' title='bbox 166 1279 265 1323; x_wconf 87' lang='grc'><strong>450.</strong></span> <span class='ocrx_word' id='word_1_93' title='bbox 298 1269 432 1328; x_wconf 77' lang='grc' dir='ltr'>εἶσθα]</span> <span class='ocrx_word' id='word_1_94' title='bbox 456 1273 612 1328; x_wconf 78' lang='grc' dir='ltr'>ἐλεύσῃ,</span> <span class='ocrx_word' id='word_1_95' title='bbox 634 1273 890 1326; x_wconf 89' lang='grc' dir='ltr'>παραγενήσῃ</span> <span class='ocrx_word' id='word_1_96' title='bbox 1065 1282 1162 1325; x_wconf 86' lang='grc'><strong>452.</strong></span> <span class='ocrx_word' id='word_1_97' title='bbox 1197 1270 1348 1329; x_wconf 82' lang='grc' dir='ltr'>δαμεὶς]</span> <span class='ocrx_word' id='word_1_98' title='bbox 1373 1274 1503 1314; x_wconf 89' lang='grc' dir='ltr'>τυπείς</span> 
     </span>
    </p>

    <p class='ocr_par' dir='ltr' id='par_1_17' title="bbox 166 1338 1379 1397">
     <span class='ocr_line' id='line_1_18' title="bbox 166 1338 1379 1397; baseline 0.003 -18"><span class='ocrx_word' id='word_1_99' title='bbox 166 1338 265 1393; x_wconf 86' lang='grc'><strong>456.</strong></span> <span class='ocrx_word' id='word_1_100' title='bbox 294 1338 426 1397; x_wconf 88' lang='grc' dir='ltr'>κέρσε]</span> <span class='ocrx_word' id='word_1_101' title='bbox 451 1340 631 1393; x_wconf 80' lang='grc' dir='ltr'>ἀπέκοψε</span> <span class='ocrx_word' id='word_1_102' title='bbox 806 1339 987 1397; x_wconf 90' lang='grc' dir='ltr'>τένοντε]</span> <span class='ocrx_word' id='word_1_103' title='bbox 1012 1345 1080 1382; x_wconf 88' lang='grc' dir='ltr'>νῦν</span> <span class='ocrx_word' id='word_1_104' title='bbox 1101 1341 1188 1384; x_wconf 85' lang='grc' dir='ltr'>τοὺς</span> <span class='ocrx_word' id='word_1_105' title='bbox 1211 1340 1379 1394; x_wconf 81' lang='grc' dir='ltr'>αὐχένας</span> 
     </span>
    </p>

    <p class='ocr_par' dir='ltr' id='par_1_18' title="bbox 108 1407 1638 1529">
     <span class='ocr_line' id='line_1_19' title="bbox 165 1407 1638 1466; baseline 0.001 -17"><span class='ocrx_word' id='word_1_106' title='bbox 165 1416 264 1461; x_wconf 87' lang='lat'><strong>457.</strong></span> <span class='ocrx_word' id='word_1_107' title='bbox 299 1407 593 1466; x_wconf 88' lang='grc' dir='ltr'>φθεγγομένου]</span> <span class='ocrx_word' id='word_1_108' title='bbox 618 1409 661 1449; x_wconf 84' lang='grc' dir='ltr'>τὸ</span> <span class='ocrx_word' id='word_1_109' title='bbox 683 1410 809 1460; x_wconf 88' lang='grc' dir='ltr'>στόμα</span> <span class='ocrx_word' id='word_1_110' title='bbox 831 1411 885 1452; x_wconf 83' lang='grc' dir='ltr'>εἷς</span> <span class='ocrx_word' id='word_1_111' title='bbox 904 1409 947 1450; x_wconf 81' lang='grc' dir='ltr'>τὸ</span> <span class='ocrx_word' id='word_1_112' title='bbox 970 1409 1217 1462; x_wconf 75' lang='grc' dir='ltr'>φθέγξασθαι</span> <span class='ocrx_word' id='word_1_113' title='bbox 1246 1413 1443 1452; x_wconf 81' lang='grc' dir='ltr'>κινοῦντος</span> <span class='ocrx_word' id='word_1_114' title='bbox 1470 1410 1638 1461; x_wconf 86' lang='grc' dir='ltr'>προύλα-</span> 
     </span>
     <span class='ocr_line' id='line_1_20' title="bbox 108 1477 635 1529; baseline 0.002 -2"><span class='ocrx_word' id='word_1_115' title='bbox 108 1479 186 1527; x_wconf 81' lang='grc' dir='ltr'>βεν</span> <span class='ocrx_word' id='word_1_116' title='bbox 205 1477 229 1527; x_wconf 85' lang='grc' dir='ltr'>ἡ</span> <span class='ocrx_word' id='word_1_117' title='bbox 250 1477 383 1529; x_wconf 77' lang='grc' dir='ltr'>πληγὴ</span> <span class='ocrx_word' id='word_1_118' title='bbox 405 1477 476 1527; x_wconf 73' lang='grc' dir='ltr'>τὴν</span> <span class='ocrx_word' id='word_1_119' title='bbox 499 1477 635 1529; x_wconf 79' lang='grc' dir='ltr'>φωνήν</span> 
     </span>
    </p>

    <p class='ocr_par' dir='ltr' id='par_1_19' title="bbox 169 1543 1713 1601">
     <span class='ocr_line' id='line_1_21' title="bbox 169 1543 1713 1601; baseline 0.003 -16"><span class='ocrx_word' id='word_1_120' title='bbox 169 1543 268 1599; x_wconf 88' lang='grc'><strong>458.</strong></span> <span class='ocrx_word' id='word_1_121' title='bbox 301 1543 470 1601; x_wconf 86' lang='grc' dir='ltr'>κτιδέην]</span> <span class='ocrx_word' id='word_1_122' title='bbox 493 1547 804 1598; x_wconf 86' lang='grc' dir='ltr'>περικεφαλαίας</span> <span class='ocrx_word' id='word_1_123' title='bbox 826 1546 927 1590; x_wconf 75' lang='grc' dir='ltr'>εἶδος</span> <span class='ocrx_word' id='word_1_124' title='bbox 1569 1566 1571 1570; x_wconf 96' lang='grc'><strong><em>·</em></strong></span> <span class='ocrx_word' id='word_1_125' title='bbox 1663 1555 1713 1581; x_wconf 86' lang='lat'>20</span> 
     </span>
    </p>
   </div>
   <div class='ocr_carea' id='block_1_3' title="bbox 165 1622 265 1668">
    <p class='ocr_par' dir='ltr' id='par_1_20' title="bbox 165 1622 265 1668">
     <span class='ocr_line' id='line_1_22' title="bbox 165 1622 265 1668; baseline 0.04 -4"><span class='ocrx_word' id='word_1_126' title='bbox 165 1622 265 1668; x_wconf 86' lang='lat'><strong>459·</strong></span> 
     </span>
    </p>
   </div>
   <div class='ocr_carea' id='block_1_4' title="bbox 298 1611 911 1669">
    <p class='ocr_par' dir='ltr' id='par_1_21' title="bbox 298 1611 911 1669">
     <span class='ocr_line' id='line_1_23' title="bbox 298 1611 911 1669; baseline 0 -15"><span class='ocrx_word' id='word_1_127' title='bbox 298 1613 359 1654; x_wconf 86' lang='grc' dir='ltr'>καὶ</span> <span class='ocrx_word' id='word_1_128' title='bbox 379 1611 542 1669; x_wconf 86' lang='grc' dir='ltr'>λυκέην]</span> <span class='ocrx_word' id='word_1_129' title='bbox 568 1613 630 1654; x_wconf 91' lang='grc' dir='ltr'>καὶ</span> <span class='ocrx_word' id='word_1_130' title='bbox 650 1615 769 1654; x_wconf 87' lang='grc' dir='ltr'>λύκου</span> <span class='ocrx_word' id='word_1_131' title='bbox 792 1614 911 1666; x_wconf 90' lang='grc' dir='ltr'>δοράν</span> 
     </span>
    </p>
   </div>
   <div class='ocr_carea' id='block_1_5' title="bbox 167 1679 988 1739">
    <p class='ocr_par' dir='ltr' id='par_1_22' title="bbox 167 1679 988 1739">
     <span class='ocr_line' id='line_1_24' title="bbox 167 1679 988 1739; baseline 0.002 -17"><span class='ocrx_word' id='word_1_132' title='bbox 167 1682 257 1734; x_wconf 90' lang='grc' dir='ltr'>δόρυ</span> <span class='ocrx_word' id='word_1_133' title='bbox 277 1679 444 1739; x_wconf 88' lang='grc' dir='ltr'>μακρόν]</span> <span class='ocrx_word' id='word_1_134' title='bbox 468 1681 489 1723; x_wconf 86' lang='grc' dir='ltr'><strong><em>ὃ</em></strong></span> <span class='ocrx_word' id='word_1_135' title='bbox 512 1682 690 1735; x_wconf 83' lang='grc' dir='ltr'>ἀνωτέρω</span> <span class='ocrx_word' id='word_1_136' title='bbox 713 1683 859 1724; x_wconf 85' lang='grc' dir='ltr'>ἄκοντα</span> <span class='ocrx_word' id='word_1_137' title='bbox 882 1682 988 1724; x_wconf 78' lang='grc' dir='ltr'>εἶπεν</span> 
     </span>
    </p>
   </div>
   <div class='ocr_carea' id='block_1_6' title="bbox 108 1749 270 2827">
    <p class='ocr_par' dir='ltr' id='par_1_23' title="bbox 108 1749 270 2827">
     <span class='ocr_line' id='line_1_25' title="bbox 165 1749 264 1800; baseline 0.01 -11"><span class='ocrx_word' id='word_1_138' title='bbox 165 1749 264 1800; x_wconf 92' lang='lat'><strong>460.</strong></span> 
     </span>
     <span class='ocr_line' id='line_1_26' title="bbox 165 1817 264 1873; baseline 0.02 -17"><span class='ocrx_word' id='word_1_139' title='bbox 165 1817 264 1873; x_wconf 83' lang='lat'><strong>463.</strong></span> 
     </span>
     <span class='ocr_line' id='line_1_27' title="bbox 165 1885 264 1937; baseline 0.03 -13"><span class='ocrx_word' id='word_1_140' title='bbox 165 1885 264 1937; x_wconf 92' lang='lat'><strong>464.</strong></span> 
     </span>
     <span class='ocr_line' id='line_1_28' title="bbox 165 1954 265 2004; baseline 0.02 -11"><span class='ocrx_word' id='word_1_141' title='bbox 165 1954 265 2004; x_wconf 90' lang='lat'><strong>466.</strong></span> 
     </span>
     <span class='ocr_line' id='line_1_29' title="bbox 166 2023 266 2075; baseline 0.01 -14"><span class='ocrx_word' id='word_1_142' title='bbox 166 2023 266 2075; x_wconf 89' lang='lat'><strong>467.</strong></span> 
     </span>
     <span class='ocr_line' id='line_1_30' title="bbox 166 2099 265 2145; baseline 0.04 -4"><span class='ocrx_word' id='word_1_143' title='bbox 166 2099 265 2145; x_wconf 88' lang='grc'><strong>475·</strong></span> 
     </span>
     <span class='ocr_line' id='line_1_31' title="bbox 108 2161 270 2213; baseline 0 -14"><span class='ocrx_word' id='word_1_144' title='bbox 108 2161 192 2200; x_wconf 90' lang='grc' dir='ltr'>τίου</span> <span class='ocrx_word' id='word_1_145' title='bbox 213 2161 270 2213; x_wconf 94' lang='lat' dir='ltr'>A)</span> 
     </span>
     <span class='ocr_line' id='line_1_32' title="bbox 165 2225 266 2280; baseline 0.03 -2"><span class='ocrx_word' id='word_1_146' title='bbox 165 2225 266 2280; x_wconf 85' lang='lat'><strong>478-</strong></span> 
     </span>
     <span class='ocr_line' id='line_1_33' title="bbox 165 2294 265 2346; baseline 0.03 -12"><span class='ocrx_word' id='word_1_147' title='bbox 165 2294 265 2346; x_wconf 92' lang='lat'><strong>480.</strong></span> 
     </span>
     <span class='ocr_line' id='line_1_34' title="bbox 166 2363 266 2414; baseline 0.02 -11"><span class='ocrx_word' id='word_1_148' title='bbox 166 2363 266 2414; x_wconf 89' lang='lat'><strong>481.</strong></span> 
     </span>
     <span class='ocr_line' id='line_1_35' title="bbox 165 2430 266 2487; baseline 0.03 -16"><span class='ocrx_word' id='word_1_149' title='bbox 165 2430 266 2487; x_wconf 84' lang='lat'><strong>483.</strong></span> 
     </span>
     <span class='ocr_line' id='line_1_36' title="bbox 166 2499 266 2552; baseline 0.02 -13"><span class='ocrx_word' id='word_1_150' title='bbox 166 2499 266 2552; x_wconf 90' lang='lat'><strong>484.</strong></span> 
     </span>
     <span class='ocr_line' id='line_1_37' title="bbox 166 2567 266 2621; baseline 0.02 -14"><span class='ocrx_word' id='word_1_151' title='bbox 166 2567 266 2621; x_wconf 89' lang='lat'><strong>485.</strong></span> 
     </span>
     <span class='ocr_line' id='line_1_38' title="bbox 166 2648 266 2691; baseline 0.04 -3"><span class='ocrx_word' id='word_1_152' title='bbox 166 2648 266 2691; x_wconf 84' lang='lat'><strong>493·</strong></span> 
     </span>
     <span class='ocr_line' id='line_1_39' title="bbox 110 2704 205 2756; baseline 0.011 -12"><span class='ocrx_word' id='word_1_153' title='bbox 110 2704 205 2756; x_wconf 87' lang='grc' dir='ltr'>ἡδύν</span> 
     </span>
     <span class='ocr_line' id='line_1_40' title="bbox 168 2784 267 2827; baseline 0.051 -4"><span class='ocrx_word' id='word_1_154' title='bbox 168 2784 267 2827; x_wconf 90' lang='grc'><strong>499·</strong></span> 
     </span>
    </p>
   </div>
   <div class='ocr_carea' id='block_1_7' title="bbox 111 2839 288 2891">
    <p class='ocr_par' dir='ltr' id='par_1_24' title="bbox 111 2839 288 2891">
     <span class='ocr_line' id='line_1_41' title="bbox 111 2839 288 2891; baseline 0 -11"><span class='ocrx_word' id='word_1_155' title='bbox 111 2839 288 2891; x_wconf 88' lang='grc' dir='ltr'>κειμένην</span> 
     </span>
    </p>
   </div>
   <div class='ocr_carea' id='block_1_8' title="bbox 170 2915 268 3029">
    <p class='ocr_par' dir='ltr' id='par_1_25' title="bbox 170 2915 268 3029">
     <span class='ocr_line' id='line_1_42' title="bbox 170 2915 268 2962; baseline 0.02 -2"><span class='ocrx_word' id='word_1_156' title='bbox 170 2915 268 2962; x_wconf 82' lang='grc'>503·</span> 
     </span>
     <span class='ocr_line' id='line_1_43' title="bbox 170 2985 267 3029; baseline 0 0"><span class='ocrx_word' id='word_1_157' title='bbox 170 2985 267 3029; x_wconf 85' lang='lat'>509-</span> 
     </span>
    </p>
   </div>
   <div class='ocr_carea' id='block_1_9' title="bbox 296 1747 1710 2148">
    <p class='ocr_par' dir='ltr' id='par_1_26' title="bbox 297 1747 680 1807">
     <span class='ocr_line' id='line_1_44' title="bbox 297 1747 680 1807; baseline 0.003 -17"><span class='ocrx_word' id='word_1_158' title='bbox 297 1747 462 1807; x_wconf 84' lang='grc' dir='ltr'>ληΐτιδι]</span> <span class='ocrx_word' id='word_1_159' title='bbox 487 1751 680 1806; x_wconf 84' lang='grc' dir='ltr'>πολεμικῇ</span> 
     </span>
    </p>

    <p class='ocr_par' dir='ltr' id='par_1_27' title="bbox 298 1816 1218 1875">
     <span class='ocr_line' id='line_1_45' title="bbox 298 1816 1218 1875; baseline 0.002 -17"><span class='ocrx_word' id='word_1_160' title='bbox 298 1816 585 1875; x_wconf 82' lang='grc' dir='ltr'>ἐπιβωσόμεθ’]</span> <span class='ocrx_word' id='word_1_161' title='bbox 610 1820 663 1861; x_wconf 82' lang='grc' dir='ltr'>εἷς</span> <span class='ocrx_word' id='word_1_162' title='bbox 687 1819 876 1870; x_wconf 86' lang='grc' dir='ltr'>βοήθειαν</span> <span class='ocrx_word' id='word_1_163' title='bbox 897 1821 1218 1871; x_wconf 85' lang='grc' dir='ltr'>ἐπικαλεσώμεθα</span> 
     </span>
    </p>

    <p class='ocr_par' dir='ltr' id='par_1_28' title="bbox 296 1884 1710 2081">
     <span class='ocr_line' id='line_1_46' title="bbox 297 1884 1710 1943; baseline 0.003 -17"><span class='ocrx_word' id='word_1_164' title='bbox 297 1884 478 1943; x_wconf 78' lang='grc' dir='ltr'>πέμψον]</span> <span class='ocrx_word' id='word_1_165' title='bbox 501 1887 600 1938; x_wconf 80' lang='grc' dir='ltr'>ἡμᾶς</span> <span class='ocrx_word' id='word_1_166' title='bbox 621 1888 802 1937; x_wconf 86' lang='grc' dir='ltr'>δηλονότι</span> <span class='ocrx_word' id='word_1_167' title='bbox 1662 1899 1710 1936; x_wconf 83' lang='lat'>25</span> 
     </span>
     <span class='ocr_line' id='line_1_47' title="bbox 296 1953 1626 2012; baseline 0.002 -18"><span class='ocrx_word' id='word_1_168' title='bbox 296 1953 477 2011; x_wconf 86' lang='grc' dir='ltr'>μυρίκην]</span> <span class='ocrx_word' id='word_1_169' title='bbox 502 1958 700 2006; x_wconf 87' lang='grc' dir='ltr'>θαμνῶὃες</span> <span class='ocrx_word' id='word_1_170' title='bbox 722 1957 849 2007; x_wconf 90' lang='grc' dir='ltr'>φυτόν</span> <span class='ocrx_word' id='word_1_171' title='bbox 1026 1953 1184 2012; x_wconf 87' lang='grc' dir='ltr'>δέελον]</span> <span class='ocrx_word' id='word_1_172' title='bbox 1209 1957 1382 2007; x_wconf 80' lang='grc' dir='ltr'>εὔδηλον,</span> <span class='ocrx_word' id='word_1_173' title='bbox 1404 1958 1626 2008; x_wconf 85' lang='grc' dir='ltr'>εὔγνωστον</span> 
     </span>
     <span class='ocr_line' id='line_1_48' title="bbox 298 2021 1641 2081; baseline 0.004 -18"><span class='ocrx_word' id='word_1_174' title='bbox 298 2021 557 2080; x_wconf 84' lang='grc' dir='ltr'>συμμάρψας]</span> <span class='ocrx_word' id='word_1_175' title='bbox 583 2024 817 2074; x_wconf 83' lang='grc' dir='ltr'>συλλαβὼν,</span> <span class='ocrx_word' id='word_1_176' title='bbox 836 2022 986 2067; x_wconf 89' lang='grc' dir='ltr'>κλάσας</span> <span class='ocrx_word' id='word_1_177' title='bbox 1057 2022 1280 2081; x_wconf 83' lang='grc' dir='ltr'>ἐριθηλέας]</span> <span class='ocrx_word' id='word_1_178' title='bbox 1305 2026 1407 2077; x_wconf 82' lang='grc' dir='ltr'>ἄγαν</span> <span class='ocrx_word' id='word_1_179' title='bbox 1429 2024 1641 2068; x_wconf 80' lang='grc' dir='ltr'>θάλλοντες</span> 
     </span>
    </p>

    <p class='ocr_par' dir='ltr' id='par_1_29' title="bbox 298 2089 1640 2148">
     <span class='ocr_line' id='line_1_49' title="bbox 298 2089 1640 2148; baseline 0.001 -16"><span class='ocrx_word' id='word_1_180' title='bbox 298 2092 339 2142; x_wconf 78' lang='grc' dir='ltr'>ἐξ</span> <span class='ocrx_word' id='word_1_181' title='bbox 364 2089 650 2148; x_wconf 84' lang='grc' dir='ltr'>ἐπιδιφριάδος]</span> <span class='ocrx_word' id='word_1_182' title='bbox 680 2093 722 2132; x_wconf 88' lang='grc' dir='ltr'>ἐκ</span> <span class='ocrx_word' id='word_1_183' title='bbox 742 2095 810 2132; x_wconf 87' lang='grc' dir='ltr'>τοῦ</span> <span class='ocrx_word' id='word_1_184' title='bbox 832 2091 1004 2145; x_wconf 83' lang='grc' dir='ltr'>ἐσχάτου</span> <span class='ocrx_word' id='word_1_185' title='bbox 1024 2092 1166 2145; x_wconf 86' lang='grc' dir='ltr'>μέρους</span> <span class='ocrx_word' id='word_1_186' title='bbox 1186 2096 1253 2133; x_wconf 85' lang='grc' dir='ltr'>τοῦ</span> <span class='ocrx_word' id='word_1_187' title='bbox 1275 2094 1482 2145; x_wconf 81' lang='grc' dir='ltr'>ἁρματείου</span> <span class='ocrx_word' id='word_1_188' title='bbox 1503 2095 1640 2146; x_wconf 81' lang='grc' dir='ltr'>(ἁρμα-</span> 
     </span>
    </p>
   </div>
   <div class='ocr_carea' id='block_1_10' title="bbox 293 2160 433 2212">
    <p class='ocr_par' dir='ltr' id='par_1_30' title="bbox 293 2160 433 2212">
     <span class='ocr_line' id='line_1_50' title="bbox 293 2160 433 2212; baseline 0 -12"><span class='ocrx_word' id='word_1_189' title='bbox 293 2160 433 2212; x_wconf 88' lang='grc' dir='ltr'>δίφρου</span> 
     </span>
    </p>
   </div>
   <div class='ocr_carea' id='block_1_11' title="bbox 296 2225 1710 2694">
    <p class='ocr_par' dir='ltr' id='par_1_31' title="bbox 296 2225 1710 2352">
     <span class='ocr_line' id='line_1_51' title="bbox 300 2225 1710 2284; baseline 0.002 -16"><span class='ocrx_word' id='word_1_190' title='bbox 300 2225 520 2284; x_wconf 88' lang='grc' dir='ltr'>πίφαυσκε]</span> <span class='ocrx_word' id='word_1_191' title='bbox 545 2227 772 2279; x_wconf 82' lang='grc' dir='ltr'>ἐνεφάνιζεν</span> <span class='ocrx_word' id='word_1_192' title='bbox 1659 2246 1710 2282; x_wconf 90' lang='lat'>30</span> 
     </span>
     <span class='ocr_line' id='line_1_52' title="bbox 296 2293 920 2352; baseline -0.002 -16"><span class='ocrx_word' id='word_1_193' title='bbox 296 2293 458 2352; x_wconf 89' lang='grc' dir='ltr'>μέλεον]</span> <span class='ocrx_word' id='word_1_194' title='bbox 483 2297 652 2345; x_wconf 85' lang='grc' dir='ltr'>ματαίως</span> <span class='ocrx_word' id='word_1_195' title='bbox 675 2295 842 2348; x_wconf 84' lang='grc' dir='ltr'>(ματέως</span> <span class='ocrx_word' id='word_1_196' title='bbox 866 2296 920 2349; x_wconf 91' lang='grc' dir='ltr'>Α)</span> 
     </span>
    </p>

    <p class='ocr_par' dir='ltr' id='par_1_32' title="bbox 299 2361 619 2421">
     <span class='ocr_line' id='line_1_53' title="bbox 299 2361 619 2421; baseline 0 -17"><span class='ocrx_word' id='word_1_197' title='bbox 299 2361 448 2421; x_wconf 88' lang='grc' dir='ltr'>ἔναιρε]</span> <span class='ocrx_word' id='word_1_198' title='bbox 472 2365 619 2416; x_wconf 89' lang='grc' dir='ltr'>φόνευε</span> 
     </span>
    </p>

    <p class='ocr_par' dir='ltr' id='par_1_33' title="bbox 298 2430 1002 2488">
     <span class='ocr_line' id='line_1_54' title="bbox 298 2430 1002 2488; baseline 0.001 -14"><span class='ocrx_word' id='word_1_199' title='bbox 298 2430 611 2488; x_wconf 83' lang='grc' dir='ltr'>ἐπιστροφάδην]</span> <span class='ocrx_word' id='word_1_200' title='bbox 637 2433 815 2485; x_wconf 82' lang='grc' dir='ltr'>ἐνεργῶς,</span> <span class='ocrx_word' id='word_1_201' title='bbox 839 2433 1002 2475; x_wconf 79' lang='grc' dir='ltr'>εὐτόνως</span> 
     </span>
    </p>

    <p class='ocr_par' dir='ltr' id='par_1_34' title="bbox 299 2497 1168 2556">
     <span class='ocr_line' id='line_1_55' title="bbox 299 2497 1168 2556; baseline 0.001 -15"><span class='ocrx_word' id='word_1_202' title='bbox 299 2500 385 2552; x_wconf 84' lang='grc' dir='ltr'>ἄορι</span> <span class='ocrx_word' id='word_1_203' title='bbox 406 2497 664 2556; x_wconf 88' lang='grc' dir='ltr'>θεινομένων]</span> <span class='ocrx_word' id='word_1_204' title='bbox 688 2504 740 2555; x_wconf 79' lang='grc' dir='ltr'>τῷ</span> <span class='ocrx_word' id='word_1_205' title='bbox 762 2501 869 2552; x_wconf 77' lang='grc' dir='ltr'>ξίφει</span> <span class='ocrx_word' id='word_1_206' title='bbox 889 2499 1168 2552; x_wconf 89' lang='grc' dir='ltr'>πληττομένων</span> 
     </span>
    </p>

    <p class='ocr_par' dir='ltr' id='par_1_35' title="bbox 298 2565 1709 2694">
     <span class='ocr_line' id='line_1_56' title="bbox 300 2565 1709 2626; baseline 0.001 -18"><span class='ocrx_word' id='word_1_207' title='bbox 300 2565 603 2624; x_wconf 87' lang='grc' dir='ltr'>ἀσημάντοισιν]</span> <span class='ocrx_word' id='word_1_208' title='bbox 632 2567 917 2620; x_wconf 87' lang='grc' dir='ltr'>ἀφυλάκτοισιν</span> <span class='ocrx_word' id='word_1_209' title='bbox 1076 2567 1175 2620; x_wconf 89' lang='grc'><strong>486.</strong></span> <span class='ocrx_word' id='word_1_210' title='bbox 1206 2567 1414 2626; x_wconf 85' lang='grc' dir='ltr'>ἐνορούσῃ]</span> <span class='ocrx_word' id='word_1_211' title='bbox 1437 2569 1640 2625; x_wconf 81' lang='grc' dir='ltr'>ἐμπήδησῃ</span> <span class='ocrx_word' id='word_1_212' title='bbox 1660 2581 1709 2620; x_wconf 82' lang='grc'>35</span> 
     </span>
     <span class='ocr_line' id='line_1_57' title="bbox 298 2634 1640 2694; baseline 0.001 -17"><span class='ocrx_word' id='word_1_213' title='bbox 298 2634 520 2693; x_wconf 89' lang='grc' dir='ltr'>ἀήθεσσον]</span> <span class='ocrx_word' id='word_1_214' title='bbox 544 2636 751 2687; x_wconf 83' lang='grc' dir='ltr'>ἀσυνήθεις</span> <span class='ocrx_word' id='word_1_215' title='bbox 771 2635 874 2686; x_wconf 83' lang='grc' dir='ltr'>ἦσαν</span> <span class='ocrx_word' id='word_1_216' title='bbox 1086 2645 1185 2691; x_wconf 90' lang='grc'><strong>495.</strong></span> <span class='ocrx_word' id='word_1_217' title='bbox 1218 2635 1424 2694; x_wconf 89' lang='grc' dir='ltr'>μελιηδέα]</span> <span class='ocrx_word' id='word_1_218' title='bbox 1448 2640 1640 2690; x_wconf 83' lang='grc' dir='ltr'>προσηνῆ,</span> 
     </span>
    </p>
   </div>
   <div class='ocr_carea' id='block_1_12' title="bbox 300 2769 1710 2963">
    <p class='ocr_par' dir='ltr' id='par_1_36' title="bbox 300 2769 1710 2963">
     <span class='ocr_line' id='line_1_58' title="bbox 300 2769 1637 2830; baseline 0.003 -18"><span class='ocrx_word' id='word_1_219' title='bbox 300 2771 373 2812; x_wconf 80' lang='grc' dir='ltr'>σὺν</span> <span class='ocrx_word' id='word_1_220' title='bbox 393 2771 426 2812; x_wconf 90' lang='grc' dir='ltr'>δ’</span> <span class='ocrx_word' id='word_1_221' title='bbox 447 2769 594 2828; x_wconf 88' lang='grc' dir='ltr'>ἤειρεν]</span> <span class='ocrx_word' id='word_1_222' title='bbox 620 2772 833 2823; x_wconf 88' lang='grc' dir='ltr'>συνέδησεν</span> <span class='ocrx_word' id='word_1_223' title='bbox 980 2782 1078 2826; x_wconf 88' lang='grc'><strong>500.</strong></span> <span class='ocrx_word' id='word_1_224' title='bbox 1110 2772 1297 2830; x_wconf 85' lang='grc' dir='ltr'>φαεινήν]</span> <span class='ocrx_word' id='word_1_225' title='bbox 1322 2773 1391 2825; x_wconf 86' lang='grc' dir='ltr'>τὴν</span> <span class='ocrx_word' id='word_1_226' title='bbox 1416 2774 1459 2814; x_wconf 86' lang='grc' dir='ltr'>ἐν</span> <span class='ocrx_word' id='word_1_227' title='bbox 1480 2778 1637 2830; x_wconf 79' lang='grc' dir='ltr'>φανερῷ</span> 
     </span>
     <span class='ocr_line' id='line_1_59' title="bbox 302 2904 1710 2963; baseline 0.001 -15"><span class='ocrx_word' id='word_1_228' title='bbox 302 2904 507 2963; x_wconf 88' lang='grc' dir='ltr'>κύντατον]</span> <span class='ocrx_word' id='word_1_229' title='bbox 532 2907 766 2958; x_wconf 88' lang='grc' dir='ltr'>δεινότατον,</span> <span class='ocrx_word' id='word_1_230' title='bbox 789 2908 987 2949; x_wconf 83' lang='grc' dir='ltr'>κάκιστον·</span> <span class='ocrx_word' id='word_1_231' title='bbox 1032 2913 1100 2950; x_wconf 88' lang='grc' dir='ltr'>νῦν</span> <span class='ocrx_word' id='word_1_232' title='bbox 1120 2910 1164 2949; x_wconf 90' lang='grc' dir='ltr'>τὸ</span> <span class='ocrx_word' id='word_1_233' title='bbox 1185 2907 1348 2960; x_wconf 87' lang='grc' dir='ltr'>βέλτιον</span> <span class='ocrx_word' id='word_1_234' title='bbox 1659 2925 1710 2959; x_wconf 82' lang='lat'><strong>40</strong></span> 
     </span>
    </p>
   </div>
   <div class='ocr_carea' id='block_1_13' title="bbox 301 2973 1512 3034">
    <p class='ocr_par' dir='ltr' id='par_1_37' title="bbox 301 2973 1512 3034">
     <span class='ocr_line' id='line_1_60' title="bbox 301 2973 1512 3034; baseline 0.002 -18"><span class='ocrx_word' id='word_1_235' title='bbox 301 2973 463 3031; x_wconf 89' lang='grc' dir='ltr'>νόστου]</span> <span class='ocrx_word' id='word_1_236' title='bbox 487 2974 738 3028; x_wconf 73' lang='grc' dir='ltr'>ὑποστροφῆς</span> <span class='ocrx_word' id='word_1_237' title='bbox 913 2985 1008 3029; x_wconf 84' lang='grc'><strong>512.</strong></span> <span class='ocrx_word' id='word_1_238' title='bbox 1043 2975 1218 3034; x_wconf 76' lang='grc' dir='ltr'>ξυνέηκε]</span> <span class='ocrx_word' id='word_1_239' title='bbox 1248 2981 1315 3018; x_wconf 86' lang='grc' dir='ltr'>νῦν</span> <span class='ocrx_word' id='word_1_240' title='bbox 1336 2977 1479 3029; x_wconf 85' lang='grc' dir='ltr'>ἤκουσε</span> <span class='ocrx_word' id='word_1_241' title='bbox 1507 2988 1512 2990; x_wconf 72' lang='grc'><em>’</em></span> 
     </span>
    </p>
   </div>
   <div class='ocr_carea' id='block_1_14' title="bbox 841 3067 913 3097">
    <p class='ocr_par' dir='ltr' id='par_1_38' title="bbox 841 3067 913 3097">
     <span class='ocr_line' id='line_1_61' title="bbox 841 3067 913 3097; baseline 0.042 -3"><span class='ocrx_word' id='word_1_242' title='bbox 841 3067 913 3097; x_wconf 87' lang='grc' dir='ltr'>Υ2</span> 
     </span>
    </p>
   </div>
  </div>
 </body>
</html>
