1974 3305
189 130 274 171 364

186 575 284 625 408.

184 1205 281 1246 409.

185 1613 281 1649 410.

184 1814 281 1851 411.

181 2428 277 2466 412.

180 2701 277 2743 413.

309 234 373 274 16.

307 315 373 344 22.

307 371 372 411 26.

303 1409 368 1447 24.

302 1478 369 1517 29.

301 1547 368 1589 33·

305 1610 367 1651 17.

302 1677 368 1707 22.

303 1746 368 1784 24.

361 1833 368 1841 .
400 1803 486 1854 ῥεῖα
507 1802 550 1843 δέ
569 1801 604 1842 κ’
622 1804 805 1854 ἀκμῆτεςῑ
829 1804 983 1845 ὥσεσθε

302 2019 368 2047 20.

301 2087 367 2129 23.

300 2211 367 2252 26.

297 2293 365 2333 31.

301 2429 365 2466 14.

298 2494 362 2536 17.

301 2837 363 2879 13.

299 2902 361 2943 15.

301 2973 363 3013 19.

788 133 1014 172 ΙΛΙΑΔΟΣ

407 233 497 274 ἀλλ’
520 235 584 274 ὅτε
608 236 682 273 ,τίν
704 234 838 273 πεδίον

408 305 466 343 εἴα
489 301 767 353 θωρήσσεσθαι

407 371 512 411 ἀλλὰ
539 371 600 409 καὶ
633 370 682 411 ὡς
714 371 874 410 ἱππεῦσι
905 369 988 410 ἐπεὶ

448 439 499 480 ὣς
521 438 593 490 ἄγε
615 441 688 488 νῆα
710 437 798 490 (Sic)

362 539 369 546 .
404 507 514 547 ἔνθεν
535 508 727 561 παιπυδέῃ

363 609 370 617 .
403 579 544 628 ταῦρον
576 578 607 615 δ’
628 574 820 630 ’.»Χλφειῷ,
847 578 986 625 ταῦρον

448 647 488 685 δὲ
510 647 733 684 Ποσειδῶνι

363 745 370 753 .
406 714 490 753 εῧτε
510 715 583 765 γὰρ
605 712 736 762 ἠέλιος

362 814 369 822 .
404 780 495 822 ἀλλ’
530 782 596 820 ὅτε
637 780 682 830 δὴ
725 782 886 821 Πυλίων
924 782 986 822 καὶ

448 849 616 889 Ἐπειῶν

404 917 427 968 ἢ
451 919 550 958 τόσα
572 916 758 969 φάρμακα
777 917 849 973 ᾔδη

362 1019 369 1027 .
402 985 558 1038 ἡγεμόν’
583 985 735 1035 ἱππήων

358 1084 368 1094 .
401 1056 467 1095 καί
489 1055 533 1095 νύ
555 1071 619 1094 κεν
639 1053 871 1107 Ἀκτορίωνε
898 1058 985 1096 Μο-

444 1124 561 1164 λίωνε
583 1123 676 1176 (sic)

361 1224 368 1232 .
403 1193 437 1232 εἰ
457 1191 508 1243 μή
532 1197 645 1244 σφωε
668 1191 792 1244 πατήρ

400 1261 528 1312 τόφρα
544 1262 616 1313 γὰρ
634 1260 700 1301 οὖν
717 1261 918 1311 ἑπόμεσθα
935 1260 984 1301 δι’

445 1329 640 1371 ἀσπιδέως
661 1330 809 1370 πεδίοιο
831 1328 922 1382 (sic)

402 1397 542 1450 πέτρης
567 1396 598 1437 τ’
620 1397 807 1448 Ὠλενίης

402 1465 479 1506 ἔνθ’
504 1467 623 1518 ἄνδρα
645 1467 797 1508 κτείνας

402 1538 470 1575 νῶϊ
491 1537 532 1575 δὲ
559 1535 668 1576 ἔνδον
690 1536 816 1577 ἐόντες

399 1600 538 1641 τέκνον
559 1600 653 1652 ἐμὸν
673 1606 789 1657 γενεῇ
813 1602 885 1652 μέν

402 1668 435 1706 εἰ
461 1665 503 1706 δέ
522 1683 608 1707 τινα
631 1668 775 1719 φρεσίν

403 1736 446 1775 αἵ
465 1734 507 1774 κε’
533 1752 579 1775 σε
600 1739 651 1789 τῷ
674 1737 850 1777 ἴσκοντες

443 1872 556 1923 προτὶ
618 1872 714 1912 ἄστυ
774 1871 982 1925 (praefixis

448 1938 578 1980 obelis
604 1943 645 1980 et
665 1940 889 1992 asteriscis)

400 2007 457 2057 ἷξε
479 2011 578 2048 θεῶν
600 2007 831 2060 Πάτροκλος

400 2076 447 2131 τῇ
470 2075 515 2126 δὴ
537 2077 603 2116 καί
628 2081 703 2128 σφι
735 2079 834 2118 θεῶν
853 2077 980 2118 τετεύ-

442 2161 541 2197 χατο
562 2147 695 2195 βωμοί

399 2212 448 2253 ὡς
470 2211 528 2264 ἄρ’
551 2212 736 2263 ἐμέλλετε

398 2279 571 2330 ἔσσεται,
595 2280 684 2321 ἀλλ’
708 2283 750 2323 ἐν
770 2282 883 2333 νηυσὶ
914 2300 981 2334 με·

439 2350 599 2400 λαίνῃσι
620 2349 838 2391 πεσέωνται

399 2417 490 2458 ἔνθα
511 2435 578 2468 μιν
595 2418 807 2461 ἐκτανύσας

397 2486 459 2526 ἐπὶ
476 2487 516 2526 δὲ
536 2485 646 2537 ῥίζαν
665 2487 771 2537 βάλε
792 2487 932 2540 πικρήν

470 2602 526 2639 M.
583 2599 694 2652 (12)

356 2722 365 2730 .
398 2690 448 2732 ὡς
470 2691 490 2730 ὁ
515 2691 588 2741 μὲν
610 2692 652 2731 ἐν
678 2693 810 2742 κλισίῃ
834 2695 978 2733 Μενοι-

437 2759 520 2798 τίου
542 2758 705 2810 ἄλκιμος
725 2761 808 2802 υἱός

398 2825 468 2866 ἰᾶτ’
480 2827 711 2878 Εὐρύπυλον
723 2828 979 2880 βεβλημένον

394 2894 542 2946 τάφρος
557 2896 612 2935 ἔτι
630 2895 797 2948 σχήσειν
815 2900 980 2941 Δαναῶν

399 2964 485 3013 εὐρὺ
506 2964 550 3002 τὸ
573 2963 787 3014 ποιήσαντο

1056 135 1113 173 Μ.
1155 134 1267 186 (12)

1172 246 1238 276 22.

1172 302 1238 343 26.

1054 378 1151 422 415.
1176 383 1240 411 10.

1175 519 1237 548 12.

1173 588 1237 626 14.

1169 656 1236 697 31.

1053 711 1150 761 416.
1200 727 1238 765 9.

1170 792 1236 834 23.

1171 848 1236 889 28.

1052 926 1147 968 417·
1197 930 1236 971 3-

1200 997 1239 1037 9.

1173 1065 1237 1103 14.

1052 1120 1149 1171 418.
1201 1134 1237 1161 1.

1202 1258 1238 1299 8.

1172 1340 1235 1382 13.

1170 1406 1236 1447 27.

1167 1476 1235 1518 32.

1051 1613 1149 1653 419.
1197 1601 1235 1641 6.

1170 1750 1233 1777 11.

1168 1818 1220 1847 20

1168 1886 1234 1915 22.

1048 2223 1145 2262 420.
1195 2224 1232 2254 2.

1263 1804 1278 1820 ν

1226 1838 1234 1846 ι

1271 235 1429 286 ἤλασαν
1449 237 1537 277 οὐδὲ
1560 240 1686 278 θεοῖσι

1272 305 1378 356 ὄφρα
1398 307 1470 355 μὲν
1484 304 1640 357 *Ἐκτωρ
1661 305 1756 355 ζωὸς
1773 306 1841 357 ἔην

1274 372 1393 424 αὐτὰρ
1412 373 1494 413 ἐπεὶ
1511 376 1607 414 κατὰ
1623 375 1694 424 μὲν
1709 375 1856 427 Τρώων

1315 439 1432 481 θάνον

1272 508 1317 558 δὴ
1339 510 1430 550 τότε
1450 511 1667 560 μητιόωντο

1272 576 1483 628 Κάρησσός
1503 595 1544 619 τε
1570 577 1721 620 Ῥοδίος
1742 595 1782 618 τε

1272 645 1335 685 καὶ
1357 647 1514 695 Σιμόεις
1536 646 1597 686 ὅθι
1618 646 1753 686 πολλά

1272 713 1441 765 ἐννῆμαρ
1463 712 1494 754 δ’
1520 715 1559 756 ἐς
1579 718 1711 767 τεῖχος

1271 785 1421 833 φιτρῶν
1443 782 1505 822 καὶ
1527 781 1635 822 λάων

1273 850 1485 901 καλλίροον
1508 850 1598 902 (Sic)
1620 851 1721 902 ὕδωρ

1270 918 1319 959 ὡς
1341 916 1398 969 ἄρ’
1423 918 1591 969 ἔμελλον
1611 919 1777 959 ὄπισθεν

1273 989 1403 1039 τεῖχος
1425 984 1613 1037 ἐΰδμητον

1273 1053 1368 1096 Διὸς
1389 1054 1552 1107 μάστιγι

1271 1122 1444 1163 ἔστασαν
1475 1123 1754 1175 ἀμφοτέρωθεν
1786 1123 1852 1164 ἔσ-

1312 1208 1436 1231 τασαν
1458 1192 1538 1232 υἶες
1553 1190 1729 1245 Ἀχαιῶν

1275 1257 1409 1309 ὀξέσιν
1429 1259 1561 1312 ἠρήρει

1270 1328 1315 1378 δὴ
1337 1329 1425 1368 τότε
1446 1328 1714 1380 Πουλυδάμας

1273 1398 1307 1436 εἰ
1330 1396 1373 1436 δέ
1393 1395 1430 1450 χ’
1454 1396 1738 1449 ὑποστρέψωσι

1272 1465 1380 1505 αὐτοὶ
1405 1467 1446 1505 δὲ
1477 1465 1642 1517 πρυλέες
1673 1465 1746 1506 σὺν
1767 1467 1852 1507 τεύ-

1312 1550 1405 1586 χεσι
1429 1533 1692 1586 θωρηχθέντες

1269 1603 1306 1641 οἱ
1328 1602 1369 1641 δὲ
1392 1601 1619 1644 διαστάντες
1636 1601 1762 1654 σφέας
1785 1603 1852 1643 αὐ-

1315 1669 1406 1710 τούς

1266 1740 1342 1777 τῶν
1368 1736 1398 1777 δ’
1427 1737 1568 1790 ἑτέρων
1591 1738 1717 1789 Πάρις
1737 1739 1832 1793 ἦρχε

1281 1810 1405 1848 Ασιος
1425 1805 1654 1858 ’Ὑρτακίδης

1268 1875 1429 1916 αἴθωνες
1470 1873 1638 1926 μεγάλοι
1674 1877 1851 1926 ποταμοῦ

1315 1943 1390 1982 ἀπο
1415 1941 1506 1995 (Sic)
1530 1943 1774 1994 Σελλήεντος

1225 2038 1233 2047 .
1267 2012 1303 2050 οῖ
1325 2009 1355 2050 δ’
1380 2012 1462 2051 ἐπεὶ
1485 2011 1685 2061 ἀλλήλους
1707 2012 1852 2064 ἄραρον

1226 2108 1234 2115 .
1269 2075 1350 2125 βάν
1364 2075 1400 2128 ῥ’
1426 2077 1506 2119 ἰθὺς
1530 2080 1696 2117 Δαναῶν
1717 2081 1852 2128 λελιη-

1310 2144 1422 2195 μένοι

1266 2213 1446 2254 ἵπποισιν
1464 2213 1525 2253 καὶ
1539 2213 1713 2266 ὄχεσφιν
1727 2214 1850 2265 ἀγαλ-

1308 2282 1475 2332 λόμενος

1194 2362 1232 2403 3.
1267 2348 1328 2401 ἂψ
1396 2348 1688 2400 ἀπονοστήσειν
1738 2350 1851 2401 προτὶ

1303 2415 1433 2458 Ἴλιον

1192 2494 1231 2538 5.
1268 2487 1401 2526 εἵσατο
1464 2485 1539 2537 γὰρ
1614 2489 1715 2536 νηῶν
1786 2483 1849 2526 ἐπ’

1309 2552 1494 2605 ἀριστερά

1167 2635 1233 2677 13.
1267 2620 1345 2673 εὗρ’
1372 2621 1666 2671 ἐπικεκλιμένας
1688 2622 1849 2665 σανίδας

1309 2690 1371 2730 καὶ
1391 2689 1540 2741 μακρὸν
1561 2691 1664 2743 ὀχῆα

1224 2791 1231 2799 .
1264 2759 1310 2815 τῇ
1331 2758 1376 2811 ῥ’
1401 2758 1480 2800 ἰθὺς
1502 2759 1684 2811 φρονέων

1225 2859 1233 2868 .
1266 2826 1359 2877 ὀξέα
1381 2826 1637 2878 κεκλήγοντες

1300 2894 1310 2909 l
1450 2896 1460 2909 w
1541 2897 1552 2908 x
1635 2895 1646 2909 s
1822 2894 1846 2912 Ι)

1265 2912 1407 2946 νηπιοι,
1444 2912 1485 2935 εν
1516 2897 1557 2935 δε
1594 2900 1742 2946 πυλῃσι
1789 2897 1833 2936 δυ

1309 2962 1446 3015 ἀνέρας
1469 2960 1580 3014 εὗρον
1602 2963 1783 3014 ἀρίστους
