1974 3305
269 128 351 168 302
818 132 1042 169 [ΛῐΑΔοΣ
1085 133 1133 170 Α.
1176 131 1189 180 (
1207 129 1226 167 1
1245 132 1258 182 )

338 232 426 271 162.
459 229 488 285 ᾧ
512 228 594 286 ἔπι]
619 230 850 283 ἀναστροφή

330 296 528 355 ἐμόγησα]
552 298 830 349 ἐκακοπάθησα
851 290 1042 349 (ἐκακοποθι
1062 299 1118 350 Α)

338 368 432 421 165.
463 364 694 423 πολυάϊκος]
718 368 868 409 πολλὰς
889 368 1009 419 ὁρμὰς
1030 367 1192 420 ἔχοντος

335 436 428 475 166.
462 433 656 491 διέπουσ’]
682 435 867 476 ὃιοικοῦσ’

330 503 495 557 δασμὸς]
523 504 709 556 μερισμὸς
732 508 806 544 τῶν
826 505 1014 557 λαφύρων
1034 505 1216 553 δηλονότι
1821 510 1843 548 5

335 575 429 624 167.
464 574 540 625 ἐγὼ
562 572 592 612 δ’
617 574 752 625 ὀλίγον
773 589 815 613 τε
837 575 959 625 φίλον
982 570 1045 629 τε]
1073 572 1156 622 ἐμοὶ
1178 570 1393 623 ἐλάχιστον
1415 570 1572 622 ἔρχεται
1602 569 1664 609 καὶ
1689 571 1802 609 τοῦτο

273 643 496 694 προσφιλὲς
514 642 681 693 ἡγοῦμαι

336 711 428 751 168.
462 711 551 750 ἐπεί
569 726 610 750 κε
633 709 738 759 κάμω
760 706 1005 764 πολεμίζων]
1030 709 1092 748 καὶ
1112 710 1235 747 ταῦτα
1255 708 1355 747 ἐπὰν
1378 705 1553 747 κοπιάσω
1575 709 1756 757 πολεμῶν

337 783 428 831 169.
463 775 559 834 εἶμι]
585 778 795 828 πορεύομαι

336 857 428 897 173.
461 843 598 901 θυμὸς]
623 845 734 897 ψυχὴ
910 841 1146 899 ἐπέσσυται]
1172 844 1340 895 ἐφίεται,
1362 843 1544 893 ἐπιθυμεῖ
1825 858 1874 884 10

335 924 428 966 174.
461 910 671 969 λίσσομαι]
695 916 907 965 παρακαλῶ

335 984 428 1034 176.
460 979 688 1038 βασιλήων]
710 980 792 1023 Ἰάς
973 980 1063 1034 178.
1096 978 1163 1036 τό]
1185 984 1300 1021 τοῦτο

336 1051 427 1091 182.
463 1052 512 1093 ὡς
534 1049 593 1101 ἔμ’
616 1047 862 1106 ἀφαιρεῖται]
888 1050 938 1092 ὡς
959 1047 1047 1100 παρ’
1072 1050 1165 1100 ἐμοῦ
1188 1048 1386 1100 λαμβάνει

334 1120 427 1160 186.
461 1116 626 1175 στυγέῃ]
652 1119 852 1173 εὐλαβηθῇ

333 1188 429 1240 187.
459 1187 550 1228 ’ἴσον
567 1189 649 1236 ἐμοὶ
671 1184 844 1242 φάσθαι]
867 1184 913 1236 ἐξ
930 1187 1019 1235 ἴσης
1039 1186 1120 1236 ἐμοὶ
1142 1185 1274 1237 λέγειν
1827 1196 1874 1234 15

332 1253 470 1312 ἄντην]
495 1257 536 1306 ἐξ
557 1256 730 1297 ἐναντίας

334 1325 430 1380 189.
462 1323 642 1376 διάνδιχα
661 1321 915 1380 μερμήριξεν]
939 1326 1054 1376 διχῶς
1076 1321 1306 1372 ἐνεθυμήθη,
1331 1322 1600 1372 ἐβουλεύσατο

335 1406 429 1447 190.
460 1393 485 1444 ἥ
506 1390 596 1449 ὅγε]
621 1393 716 1444 ὅπερ
743 1393 855 1435 οὗτος
1035 1405 1127 1445 191.
1161 1388 1347 1447 ἐναρίζοι]
1373 1389 1507 1430 ἀνέλοι

338 1474 429 1515 192.
461 1458 677 1517 ἐρητύσειε]
702 1461 860 1514 ἐπίσχοι
883 1461 1046 1516 (ἐπισχῇ
1067 1460 1119 1509 Α,
1145 1460 1289 1515 ἐπίσχῃ
1312 1460 1374 1499 ed.
1394 1458 1536 1510 Rom.)

335 1543 428 1585 193.
461 1527 502 1586 ὁ]
528 1530 640 1572 οὗτος
815 1526 1000 1585 ὥρμαινε]
1025 1531 1212 1569 διενοεῖτο
1764 1567 1768 1570 ,
1824 1547 1874 1571 20

336 1609 429 1653 195.
462 1599 536 1649 πρὸ
557 1600 630 1651 γὰρ
651 1596 739 1654 ἧκε]
764 1597 1022 1651 προέπεμψεν

336 1669 429 1721 198.
461 1663 727 1723 οἵῳ-ὁρᾶτο]
750 1668 870 1718 μόνος
890 1669 965 1718 γὰρ
991 1665 1104 1707 αὐτὸς
1124 1665 1193 1705 τὸν
1217 1666 1361 1705 οἰκεῖον
1382 1664 1545 1715 δαίμονα
1572 1663 1634 1703 καὶ
1660 1662 1731 1713 τὴν
1760 1663 1804 1703 ἐν

275 1737 374 1792 αὐτῷ
396 1737 587 1787 φρόνησιν
609 1736 709 1787 ἑώρα

335 1819 427 1859 199.
460 1806 558 1856 μετὰ
579 1806 611 1844 δ’
633 1801 827 1860 ἐτράπετ’]
853 1803 914 1843 καὶ
934 1802 1200 1854 περιεστράφη
1327 1814 1422 1843 201.
1446 1800 1489 1840 τὸ
1512 1798 1613 1857 [ἦν’]
1638 1801 1758 1841 ὦνων.

332 1886 429 1915 202.
462 1870 582 1929 τίπτ’]
607 1871 785 1924 συγκοπή
961 1869 1213 1927 εἰλήλουθας]
1236 1869 1382 1911 Ἰώνων
1824 1887 1872 1925 25

332 1954 429 1994 203.
461 1939 595 1998 ὕβριν]
621 1945 691 1982 νῦν
711 1940 779 1981 τὸν
800 1941 924 1992 φόνον
944 1939 966 1990 ἢ
988 1940 1057 1990 τὴν
1073 1939 1344 1991 ὑπερηφανίαν

332 2024 428 2061 204.
460 2010 504 2050 τὸ
526 2008 587 2066 δὲ]
612 2011 695 2050 ἀντὶ
716 2013 783 2050 τοῦ
805 2009 900 2060 ὅπερ
922 2008 967 2059 δή

331 2090 426 2133 205.
458 2077 503 2135 ᾗς
522 2075 803 2134 ὑπεροπλίῃσι]
827 2081 911 2119 ταῖς
938 2078 1051 2118 ἰδίαις
1073 2077 1359 2128 ὑπερηφανίαις

331 2146 438 2204 τάχ’]
467 2146 614 2200 ταχέως

332 2229 428 2257 210.
459 2213 570 2271 λῆγ’]
596 2215 720 2255 παύου
1824 2232 1874 2268 3ο

330 2298 426 2339 213.
460 2285 522 2324 καὶ
543 2282 639 2324 ποτέ
662 2281 742 2339 τοι]
767 2283 1101 2334 προαναφώνησες

329 2355 408 2406 τρὶς
429 2350 574 2408 τόσσα]
599 2351 790 2394 πολλάκις
812 2354 984 2392 τοσαῦτα

331 2435 427 2474 214.
458 2419 614 2477 ὕβριος]
637 2420 716 2463 ’leis
891 2417 1027 2475 ἴσχεο]
1051 2419 1176 2459 παύου

330 2493 426 2532 216.
458 2487 552 2546 χρὴ]
577 2488 713 2541 πρέπει
888 2484 1131 2543 σφωΐτερον]
1153 2485 1340 2537 ὑμέτερον

329 2556 580 2614 εἰρύσασθαι]
605 2557 777 2610 φυλάξαι
1823 2569 1871 2606 35

329 2628 425 2670 218.
457 2626 566 2678 μάλα
587 2626 618 2666 τ’
641 2623 803 2681 ἔκλυον]
828 2624 949 2665 πλέον
972 2624 1232 2665 ἐπακούουσιν

330 2710 425 2750 219.
459 2697 565 2751 κώπῃ
588 2693 726 2751 σχέθε]
751 2695 858 2745 λαβῇ
883 2692 1056 2746 ἐπέσχεν

329 2774 424 2803 220.
457 2759 538 2818 ἂψ]
561 2761 684 2801 πάλιν
705 2762 759 2803 εἰς
779 2759 822 2800 τὸ
844 2760 970 2800 ὀπίσω
998 2754 1180 2812 (εἰᾶπίσω
1202 2758 1257 2810 A)

326 2828 425 2887 ὦσε]
450 2831 618 2879 ὤθησεν,
641 2830 839 2881 ἐνέβαλεν

327 2910 423 2939 222.
455 2896 573 2954 μετὰ]
612 2900 671 2938 ὅτι
707 2897 793 2938 ἀντὶ
826 2899 895 2937 τοῦ
932 2891 998 2946 (ἆυ
1018 2897 1074 2948 Α)
1107 2896 1183 2936 ἐπί.
1253 2894 1332 2934 Est
1362 2907 1444 2933 nou
1477 2892 1695 2946 glossema,
1729 2890 1798 2932 sed
1819 2912 1870 2946 40

269 2966 430 3006 notatio
455 2965 696 3006 Aristonici.
