1974 3305
642 157 868 197 ΙΛΙΑΔΟΣ
910 158 960 196 Α.
1001 154 1085 208 (1)
1542 143 1625 185 307

159 271 256 312 449.
288 257 522 315 οὐλοχύτας]
557 258 680 309 κριθαὶ
699 260 796 308 μετὰ
817 259 924 297 ἁλῶν
943 257 1176 308 μεμιγμέναι

158 336 255 379 454.
287 326 388 379 μέγα
409 326 439 367 δ’
456 324 576 383 ἴψαο]
608 325 790 378 μεγάλως
812 325 1002 377 ἔβλαψας

157 408 184 445 4
185 394 255 448 58.
288 392 523 449 οὐλοχύτας]
559 393 690 446 κριθάς

157 463 257 511 462.
290 463 352 502 ἐπὶ
373 459 524 518 σχίζῃς]
559 461 642 503 ἀντὶ
662 465 729 502 τοῦ
751 461 813 502 ἐπὶ
834 464 977 514 σχιζῶν

157 530 257 582 464.
289 528 506 586 ἐπάσαντο]
541 531 754 582 ἐγεύσαντο
927 527 1026 580 468.
1059 523 1231 582 ἐδεύετο]
1267 523 1397 574 ἐνδεὴς
1416 522 1464 573 ἢν
1644 524 1668 564 5

158 597 257 650 469.
290 595 464 655 ἐδητύος]
497 599 684 649 βρώσεως
859 598 900 648 ἐξ
921 597 1010 649 ἔρον
1031 591 1140 650 ἕντο]
1176 592 1439 645 ἐκορέσθησαν

158 674 256 714 471.
288 661 493 720 νώμησαν]
528 663 746 715 διεμέρισαν

158 740 257 783 472.
289 728 536 788 πανημέριοι]
569 730 617 772 δι’
634 733 730 782 ὅλης
750 733 816 782 τῆς
833 730 973 782 ἡμέρας
1148 723 1300 783 μολπῇ]
1333 726 1454 780 ὕμνῳ,
1476 721 1554 778 (ρ’δῇ

158 809 256 854 473.
288 798 476 856 παιήονα]
510 799 610 842 εἶδος
630 797 728 854 ᾠδῆς

161 878 259 921 475.
292 868 354 908 καὶ
376 868 438 908 ἐπὶ
460 869 605 919 κνέφας
625 865 764 924 ἦλθεν]
801 867 887 908 ἀντὶ
909 871 976 908 τοῦ
999 865 1064 920 (αὖ
1084 867 1140 919 A)
1163 864 1226 906 καὶ
1248 862 1320 914 νὺξ
1337 861 1495 916 ἐγένετο
1649 868 1699 895 10

159 935 258 987 476.
292 933 547 992 κοιμήσαντο]
581 936 657 977 ἀπὸ
679 937 843 987 θέματος
863 939 931 976 τοῦ
954 938 1072 987 κοιμῶ

159 1005 265 1055 παρὰ
284 1001 525 1060 πρυμνήσια]
558 1007 664 1056 παρὰ
684 1007 732 1045 τὰ
754 1006 921 1057 ἀπόγεια
942 1005 1105 1057 (ἀπόγια
1125 1002 1182 1056 Α)
1204 1002 1361 1055 σχοινία

159 1081 259 1125 477.
291 1069 507 1129 ἠριγένεια]
540 1073 563 1123 ἡ
585 1073 660 1113 ἀπὸ
683 1077 750 1113 τοῦ
773 1074 912 1125 ὄρθρου
934 1071 1156 1125 γεννωμένη

159 1151 259 1194 479.
287 1137 463 1196 ἴκμενον]
495 1142 723 1192 πορευτικόν
893 1137 1028 1196 οὖρον]
1061 1138 1187 1192 φορὸν
1207 1139 1351 1189 ἄνεμον

161 1210 260 1260 480.
295 1205 419 1265 ἱστία]
452 1209 523 1260 τὴν
544 1207 687 1259 ὀθόνην
1652 1205 1700 1246 ¹5

160 1277 260 1328 482.
291 1274 443 1334 στείρῃ]
476 1278 521 1329 τῇ
541 1279 692 1329 τρόπιδι
715 1279 892 1330 (τρόπηδι
912 1278 967 1329 A)

162 1345 258 1400 483.
291 1346 589 1397 διαπρήσσουσα
611 1343 816 1403 κέλευθον]
855 1348 1091 1397 διαπερῶσα,
1114 1341 1342 1396 διερχομένη
1364 1340 1433 1381 τὸν
1454 1342 1580 1380 πλοῦν

161 1412 261 1466 486.
293 1411 418 1470 ὑψοῦ]
456 1414 669 1466 ἐφ’ὕψους
820 1412 986 1471 ἕρματα]
1021 1413 1247 1466 ἐρείσματα,
1270 1410 1511 1463 φυλάγματα

169 1481 267 1534 487.
300 1479 546 1538 ἐσκίδναντο]
571 1483 844 1535 ἐσκορπίζοντο

167 1562 266 1604 490.
298 1548 543 1607 πωλέσκετο]
579 1551 840 1603 ἀνεστρέφετο
1590 1555 1591 1570 ¹
1653 1552 1703 1577 20

163 1631 262 1673 491.
294 1616 552 1676 φθινύθεσκε]
587 1619 722 1669 ἔτηκεν
744 1619 884 1673 (ἔτικεν
905 1619 959 1672 Α)

161 1701 261 1742 492.
293 1685 432 1745 ἀϋτήν]
469 1688 597 1743 μάχην
771 1703 868 1744 493·
901 1690 942 1729 ἐκ
963 1685 1066 1745 τοῖο]
1102 1689 1141 1738 ἐξ
1163 1687 1311 1728 ἐκείνου
1333 1688 1399 1725 τοῦ
1420 1685 1561 1738 χρόνου

164 1770 260 1812 494.
291 1753 405 1813 ἴσαν]
440 1758 673 1807 ἐπορεύοντο

167 1824 266 1879 496.
299 1822 528 1882 ἀνεδύσετο]
564 1825 690 1875 ἀνέδυ,
714 1827 884 1877 ἀνῆλθεν

167 1902 266 1946 497.
298 1890 423 1949 ἠερίη]
459 1894 610 1945 ἑωθινὴ,
632 1894 786 1946 ὀρθρινή
1657 1896 1705 1935 25

168 1963 267 2016 498.
298 1959 409 2018 ἄτερ]
431 1963 550 2016 χωρίς
705 1961 862 2020 ἄλλων]
886 1966 986 2004 θεῶν

165 2043 265 2084 499.
296 2028 592 2087 πολυδειράδος]
625 2033 777 2074 πολλὰς
799 2030 938 2085 ἐξοχὰς
960 2031 1119 2085 ἔχοντος

169 2108 267 2152 501.
300 2096 436 2155 σκαιῇ]
460 2099 644 2153 ἀριστερᾷ

166 2178 264 2221 507.
297 2164 485 2224 ἀπούρας]
519 2168 763 2220 ἀφελόμενος
938 2167 1034 2221 508.
1069 2164 1201 2223 τῖσον]
1233 2167 1398 2218 τίμησον

170 2246 266 2289 509.
299 2233 447 2292 τόφρα]
482 2236 543 2276 ἐπὶ
563 2239 752 2277 τοσοῦτον
1658 2243 1709 2280 30

167 2314 267 2358 512.
298 2304 368 2355 δὴν
387 2301 506 2360 ἧστο]
541 2304 604 2344 ἐπὶ
624 2304 750 2345 πολὺν
770 2304 913 2357 χρόνον
934 2303 1134 2352 ἐκαθέζετο

166 2381 265 2428 513.
298 2370 420 2429 ἔχετ’]
455 2372 605 2426 ἐκράτει
780 2369 1018 2428 ἐμπεφυυῖα]
1054 2370 1288 2422 ἐμπλέξασα
1308 2371 1376 2412 τὰς
1395 2372 1529 2423 χεῖρας

168 2438 311 2499 εἴρετο]
345 2442 520 2493 ἀνηρώτα

168 2519 267 2565 515.
298 2508 322 2560 ἢ
344 2507 516 2567 ἀπόειπ’]
549 2508 571 2558 ἢ
593 2508 815 2561 ἀπάρνησαι
991 2505 1074 2564 ἔπι]
1110 2506 1271 2548 ἔπεστιν

169 2578 267 2633 518.
300 2574 583 2634 ἐχθοδοπῆσαι]
617 2577 760 2630 ἐχθρὸν
782 2577 1025 2626 καταστῆσαι
1045 2577 1300 2630 (καταστῆναι
1322 2573 1519 2626 Cobe‘fius)
1656 2580 1707 2621 35

169 2643 352 2702 ἐφήσεις]
386 2645 637 2698 ἐφορμήσεις,
662 2646 684 2685 ὅ
705 2647 814 2686 ἐστιν
834 2643 1069 2697 ἀναγκάσεις

169 2726 267 2769 520.
299 2715 322 2765 ἡ
345 2716 385 2755 δὲ
408 2715 470 2755 καὶ
491 2714 611 2756 αὔτως
631 2711 691 2770 μ’]
726 2715 818 2764 αὕτη
842 2714 883 2754 δὲ
905 2714 966 2754 καὶ
987 2713 1158 2765 ματαίως
1179 2711 1345 2767 (ματέως
1365 2711 1420 2766 A)
1442 2727 1492 2763 με

170 2793 269 2837 521.
303 2783 368 2823 καί
385 2782 428 2823 τέ
445 2782 494 2833 μέ
513 2779 634 2838 φησι]
669 2782 730 2822 καὶ
750 2783 818 2833 ἐμὲ
838 2780 946 2834 λέγει

171 2864 269 2906 522.
303 2847 515 2907 ἀπόστιχε]
549 2851 742 2905 ἀναχώρει
914 2862 1013 2906 524.
1044 2851 1116 2904 ἄγε
1135 2849 1215 2908 τοι]
1250 2851 1321 2903 ἄγε
1343 2848 1388 2901 δή
1411 2865 1474 2890 σοι

175 2921 269 2973 526.
303 2916 470 2975 τέκμωρ]
504 2918 628 2969 τέλος,
649 2918 854 2972 τεκμήριον
1657 2926 1707 2961 40

173 2984 481 3043 παλινάγρετον]
514 2988 820 3040 ὑστερόληπτον,
842 2988 960 3030 οἱονεὶ
979 2988 1247 3040 μεταμελητόν

843 3068 870 3095 Χ
892 3068 915 3097 2
