1974 3305
135 731 520 780 LEMMATA
573 728 888 780 GODIGIS
938 727 1229 777 VENETI
1281 731 1375 774 454
1427 725 1525 790 (A).

133 967 348 1008 LEMMATA
375 967 624 1009 scholiorum
654 981 772 1020 saepe
793 965 857 1006 vel
884 965 1024 1006 addidi
1054 965 1118 1005 vel
1147 968 1195 1004 ut
1227 963 1330 1004 ratio
1361 960 1601 1016 postulabat

76 1036 236 1076 mutavi
271 1039 495 1090 praeeunte
530 1035 772 1089 plerumque
804 1034 1009 1074 Bekkero.
1081 1033 1195 1073 Nam
1226 1032 1421 1072 lemmata
1452 1028 1602 1070 codicis

75 1103 257 1158 plurima
286 1103 347 1144 ita
377 1107 476 1143 sunt
506 1102 763 1144 conformata
793 1106 841 1142 ut
872 1102 1005 1156 prima
1033 1116 1175 1142 versus
1196 1100 1322 1140 verba
1352 1096 1605 1152 praescripta

77 1172 176 1222 sint,
197 1171 362 1213 etiamsi
384 1171 627 1212 scholiastae
649 1170 865 1211 annotatio
887 1185 971 1210 non
992 1170 1043 1210 ad
1064 1170 1177 1218 haec,
1196 1169 1266 1209 sed
1288 1168 1338 1208 ad
1359 1167 1441 1207 alia
1463 1179 1605 1206 versus

75 1240 203 1281 verba
233 1243 448 1294 spectaret.
511 1229 732 1279 Lemmata
763 1238 915 1292 ubique
940 1238 1023 1278 fere
1052 1252 1147 1278 cum
1174 1240 1292 1277 textu
1326 1234 1478 1276 codicis
1508 1247 1605 1273 con-

78 1309 276 1359 sentiunt,
313 1309 525 1350 interdum
565 1312 707 1348 tamen
748 1307 800 1348 ab
838 1322 885 1348 co
922 1306 1140 1347 discedunt
1176 1305 1247 1345 ubi
1281 1305 1480 1345 lemmata
1511 1316 1606 1342 cum

77 1377 244 1419 scholiis
264 1377 348 1418 suis
370 1392 420 1418 ex
441 1376 649 1418 codicibus
671 1376 923 1429 transcripta
948 1379 1046 1415 sunt
1067 1389 1243 1429 quorum
1272 1373 1316 1413 in
1345 1376 1464 1413 textu
1492 1370 1604 1411 aliud

78 1445 179 1502 quid
202 1446 420 1501 legebatur
440 1460 565 1500 quam
593 1445 637 1485 in
658 1448 777 1485 textu
804 1443 956 1484 codicis
976 1443 1130 1483 Veneti
1153 1442 1319 1496 legitur,
1342 1439 1451 1495 quod
1472 1438 1606 1479 mani-

78 1516 232 1556 festum
260 1515 310 1555 fit
339 1513 537 1567 exemplis
561 1513 679 1567 quale
711 1513 855 1553 notavi
877 1512 923 1552 in
944 1511 1211 1553 annotatione
1241 1510 1294 1550 ad
1327 1522 1363 1558 2,
1392 1521 1483 1561 192.
1545 1506 1609 1569 De

78 1599 160 1640 quo
192 1588 240 1625 ut
262 1584 436 1625 lectores
466 1583 546 1637 ipsi
578 1583 757 1623 iudicare
788 1582 960 1636 possint,
984 1580 1165 1622 indicem
1194 1580 1440 1620 lemmatum
1471 1576 1609 1631 qualia

80 1654 126 1694 in
166 1653 303 1694 codice
333 1652 496 1693 Veneto
532 1651 732 1704 leguntur
767 1651 990 1690 secundum
1032 1650 1284 1703 paginarum
1324 1648 1610 1700 linearumque

79 1721 204 1762 huius
238 1719 432 1761 editionis
464 1733 657 1760 numeros
688 1718 900 1772 composui
936 1718 1074 1758 labore
1107 1731 1232 1771 quam
1268 1716 1407 1755 fructu
1440 1714 1606 1754 maiore.

77 1790 194 1831 Nam
215 1788 285 1830 ubi
305 1788 503 1829 lemmata
531 1787 782 1829 scholiorum
802 1787 853 1827 ab
874 1790 996 1827 textu
1016 1785 1171 1825 codicis
1190 1783 1345 1825 Veneti
1366 1783 1604 1836 discrepant

81 1859 154 1899 vix
193 1857 418 1912 quidquam
458 1857 658 1911 praebent
698 1854 809 1910 quod
841 1870 925 1895 non
961 1854 1054 1894 aliis
1089 1867 1251 1908 quoque
1284 1852 1356 1906 qui
1390 1853 1611 1906 supersunt

83 1926 292 1969 codicibus
325 1925 427 1966 satis
460 1924 515 1965 sit
549 1928 764 1965 testatum.
827 1924 1048 1965 Lemmata
1083 1922 1251 1963 scholiis
1286 1919 1611 1973 intermargina-

82 1996 191 2037 libus
211 1993 466 2049 praescripta
485 1992 550 2033 vel
573 1992 762 2033 Bekkero
790 1991 855 2032 vel
887 1991 994 2031 mihi
1016 1990 1232 2040 debentur,
1255 1988 1396 2043 paucis
1427 1987 1611 2041 exeeptis

83 2063 184 2106 locis
205 2063 337 2117 (velut
363 2074 399 2110 2,
420 2074 512 2103 122.
536 2060 846 2113 (παυροτέροισιῑ
878 2061 1024 2112 ὅτι-).
1059 2073 1097 2114 3,
1118 2058 1210 2111 158.
1238 2071 1302 2108 11,
1319 2058 1415 2097 688.
1444 2064 1507 2108 15,
1525 2057 1612 2107 45),

87 2132 160 2174 ubi
190 2132 387 2173 lemmata
414 2130 460 2170 in
485 2129 623 2170 codice
644 2129 729 2182 legi
750 2128 904 2169 diserte
927 2127 1070 2169 monui
1093 2127 1136 2167 in
1155 2126 1438 2167 annotatione.
1500 2124 1614 2164 Nam

86 2200 244 2244 scholia
272 2197 636 2252 intermarginalia
666 2196 873 2237 lemmatis
901 2195 1053 2249 ubique
1079 2195 1163 2235 fere
1190 2197 1343 2244 carent,
1367 2208 1496 2247 quum
1517 2206 1613 2241 non,

89 2274 139 2311 ut
171 2283 290 2323 saepe
324 2265 587 2322 marginalia,
624 2265 791 2319 longius
831 2264 883 2304 ab
917 2266 1037 2304 textu
1073 2263 1158 2303 sint
1190 2266 1359 2311 remota,
1395 2260 1466 2301 sed
1498 2261 1617 2301 iuxta

89 2338 227 2388 verba,
249 2337 301 2378 ad
330 2350 433 2391 quae
466 2338 667 2389 spectant,
702 2334 855 2387 scripta
888 2332 1000 2373 sint:
1031 2332 1081 2372 de
1113 2345 1194 2385 quo
1225 2330 1327 2371 satis
1357 2330 1438 2370 erit
1473 2328 1540 2368 hic
1571 2328 1616 2367 in

91 2408 333 2449 universum
373 2404 594 2445 monuisse.
675 2402 864 2443 Iudicem
903 2401 1037 2456 igitur
1077 2400 1325 2440 lemmatum
1369 2397 1617 2438 scholiorum

92 2474 391 2530 marginalium
411 2472 520 2513 infra
539 2472 725 2526 positum
745 2470 805 2511 ita
825 2469 1036 2524 composui
1058 2473 1106 2508 ut
1126 2468 1429 2521 discrepantem
1452 2468 1618 2505 tantum

91 2545 144 2586 ab
169 2542 351 2585 editione
381 2556 473 2582 mea
504 2540 656 2581 codicis
686 2539 936 2593 scripturam
961 2540 1160 2586 notarem,
1185 2535 1422 2576 omitterem
1447 2547 1617 2575 consen-

93 2628 200 2663 sum,
221 2626 297 2654 nec
317 2610 514 2653 lemmata
534 2610 579 2650 in
600 2606 944 2651 annotationibus
965 2608 1191 2648 memorata
1210 2604 1278 2645 hic
1300 2603 1488 2659 repetivi.
