1974 3305
180 231 279 283 487.

180 299 279 354 489.

181 381 278 423 491.

180 449 279 490 493·

180 514 279 558 504.

181 583 279 627 505.

181 650 278 694 515.

179 709 279 762 526.

672 130 899 168 ῙΛιΑΔοΣ
941 132 970 168 1.
1015 128 1096 179 (9)
1565 124 1650 163 319

309 227 532 286 πάσασθαι]
556 230 789 282 γεύσασθαι,
809 232 956 281 φαγεῖν

311 297 435 356 ὄψου]
458 298 709 350 προσφαγίον
882 309 982 351 490.
1016 292 1271 352 κατέδευσας]
1303 291 1539 345 κατέβρεξας

310 369 353 408 ἐν
373 367 508 418 νηπιέῃ
530 363 733 421 ἀλεγεινῇ]
758 366 800 406 ἐν
820 365 866 416 τῇ
888 365 1045 420 χαλεπῇ
1067 364 1328 417 παιδοτροφίᾳ

310 436 332 476 ὅ
351 433 438 492 μοι]
458 436 556 476 διότι
576 450 642 485 μοι
663 432 686 483 ἢ
709 432 840 483 ἐπειδή
919 469 943 486 ⁸
1017 429 1257 488 ἐξετέλειον]
1282 430 1542 482 ἐξετέλεσσαν

308 501 510 556 μετόπισθ’
527 499 671 558 Ἀτης]
695 502 793 553 μετὰ
814 500 858 541 τὸ
878 502 1087 552 βλαβῆναί
1105 516 1192 540 τινα
1675 507 1697 545 5

311 569 500 627 σθεναρή]
525 569 668 624 ἰσχυρά
841 570 940 621 506.
973 565 1134 625 φθάνει]
1161 567 1345 608 ἐκτατέον
1366 569 1430 607 διὰ
1450 565 1494 606 τὸ
1515 564 1657 617 μέτρον

311 637 514 696 ὀνομάζοι]
538 639 665 680 λείπει
689 638 826 691 φέρειν

312 705 500 764 δωρητοί]
528 708 661 759 δώροις
682 708 906 757 πειθόμενοι

180 775 419 829 παραρρητοί
438 773 493 832 τ’]
519 776 580 816 καὶ
599 777 734 828 λόγοις
755 776 894 826 ὁμοίως
919 775 1143 825 πειθόμενοι

178 857 278 904 534·

182 922 280 966 540.

181 990 279 1034 554·

182 1058 281 1102 555-

182 1127 280 1170 557·

182 1185 280 1239 562.

181 1255 280 1308 565·

180 1324 278 1378 569-

181 1404 278 1446 571.

182 1468 280 1513 572-

312 842 369 900 οἱ]
394 844 491 894 αὐτῇ
668 853 765 898 535.
797 840 900 900 ῥέξ’]
925 841 1127 883 ἐπετέλεσ’
1685 851 1731 875 10

311 910 431 968 ἔθων]
455 911 501 962 ἐξ
519 912 628 955 ἔθους
651 911 904 964 κατατρέχων
926 909 989 951 καὶ
1009 909 1203 962 βλάπτων

309 978 474 1036 οἰδάνει]
499 983 554 1022 εἰς
574 981 678 1033 ὕψος
700 982 878 1030 αἴρεσθαι
902 983 1007 1019 ποιεῖ

310 1046 496 1104 Ἀλθαίῃ]
523 1047 646 1100 μήτηρ
668 1047 907 1100 Μελεάγρου

313 1114 525 1172 Εὐηνίνης]
544 1116 695 1168 ’Ἄρεως
716 1120 810 1158 παῖς
982 1115 1082 1169 558.
1107 1112 1241 1171 Ἴδεω]
1265 1117 1333 1155 τοῦ
1348 1113 1458 1154 Ἴδου

313 1183 536 1242 ἐπώνυμον]
561 1184 647 1225 ἀντὶ
667 1187 735 1224 τοῦ
757 1185 987 1236 φερώνυμον
1168 1182 1265 1237 563.
1300 1179 1429 1238 οἶτον]
1455 1179 1662 1234 συμφοράν
1684 1189 1730 1228 15

310 1250 493 1309 πέσσων]
517 1253 731 1303 πεπαίνων,
754 1255 1001 1304 παρηγορῶν,
1026 1250 1208 1303 συνέχων

311 1321 490 1379 ἐπαινήν]
516 1322 697 1375 φοβεράν
875 1331 970 1376 570.
1001 1318 1171 1377 πρόχνυ]
1196 1321 1239 1361 ἐκ
1266 1320 1432 1372 γόνατος

310 1389 554 1447 ἠερόφοιτις]
579 1392 740 1441 ἀόρατος

314 1459 360 1510 ἐξ
377 1456 640 1515 Ἐρέβεσφιν]
665 1460 707 1498 ἐκ
729 1460 796 1498 τοῦ
818 1458 983 1499 σκότους

181 1525 407 1584 ἀμείλιχον]
435 1527 591 1578 αἶπηνὲς,
616 1527 787 1578 σκληρόν
1568 1555 1570 1571 ,
1685 1537 1732 1563 20

183 1595 282 1651 580.

180 1664 278 1718 586.

181 1733 280 1787 588.

182 1802 280 1857 589·

183 1879 280 1924 593·

183 1937 280 1979 601.

183 2005 281 2060 615.

185 2073 284 2115 616.

187 2142 286 2184 621.

186 2212 284 2254 622.

186 2280 285 2336 631.

186 2348 284 2404 632.

186 2417 285 2468 640.

187 2485 281 2538 645.

139 2556 142 2559 '
189 2553 288 2606 647.

315 1596 442 1649 ψιλὴν
463 1592 620 1652 ἄροσιν]
644 1594 715 1644 τὴν
736 1595 921 1646 ἄδενδρον
944 1594 1079 1646 χώραν

313 1661 557 1720 κεδνότατοι]
581 1662 924 1716 προσφιλέστατοι

314 1730 437 1790 πύκα]
463 1736 628 1786 συχνῶς,
652 1732 847 1782 ἐπιμελῶς

313 1799 542 1857 ἐνέπρηθον]
571 1801 701 1842 ἔκαιον
876 1810 974 1853 593.
1009 1795 1138 1854 ἁλώῃ]
1163 1799 1373 1851 πορθηθείη

316 1867 525 1927 ἀμαθύνει]
551 1871 647 1910 κατὰ
667 1868 804 1920 μικρὸν
825 1868 978 1922 δαπανᾷ
1685 1875 1733 1915 25

313 1935 452 1994 φίλος]
479 1935 663 1979 Ἀττικῶς
684 1937 781 1989 φίλε
804 1936 941 1988 (φίλος
962 1936 1017 1989 A)
1195 1934 1292 1990 609.
1329 1932 1474 1991 ἀϋτμή]
1501 1934 1575 1985 ζωή

316 2003 463 2061 κήδειν]
487 2010 639 2055 λυπεῖν,
663 2004 857 2056 βλάπτειν

315 2071 467 2130 μείρεο]
491 2074 644 2125 μερίζου

320 2141 482 2183 πυκινὸν
502 2138 642 2197 λέχος]
666 2139 808 2182 πυκνὸν
834 2139 986 2191 ἱμάτιον

316 2208 520 2268 μεδοίατο]
544 2211 796 2263 φροντίσαιεν
926 2208 1022 2250 626.
1054 2206 1306 2265 κρανέεσθαι]
1331 2207 1662 2260 τελειωθήσεσθαι
1684 2225 1735 2262 30

315 2279 338 2337 ᾗ
360 2277 445 2336 μιν]
468 2277 569 2336 ᾗτινι
591 2280 709 2320 αὐτόν

315 2346 455 2405 νηλής]
481 2347 651 2398 ἀνηλεής
827 2345 924 2401 638.
957 2343 1087 2401 ἔνθεο]
1111 2345 1277 2395 ποίησον

315 2414 517 2472 αἴδεσσαι]
542 2415 743 2467 αἰδέσθητι
928 2410 1166 2469 ὑπωρόφιοι]
1191 2412 1266 2453 ὑπὸ
1286 2412 1357 2463 τὴν
1377 2411 1498 2462 αὐτὴν
1520 2411 1664 2464 στέγην

316 2482 468 2541 ἐείσαο]
492 2483 629 2534 ἔδοξας
803 2482 901 2532 646.
935 2479 1149 2538 οἰδάνεται]
1172 2484 1388 2533 πληροῦται
1409 2480 1484 2521 ὑπὸ
1505 2482 1621 2534 ὀργῆς

319 2550 546 2609 ἀσύφηλον]
571 2553 819 2599 ἀδούλευτον,
842 2551 979 2601 ἄτιμον
1685 2567 1734 2607 35

188 2622 286 2675 649.
309 2618 540 2677 ἀπόφασθε]
557 2621 822 2672 ἀπαγγείλατε
882 2618 979 2670 650.
997 2616 1235 2675 μεδήσομαι]
1253 2619 1440 2670 πρόνοιαν
1455 2616 1665 2669 ποιήσομαι

188 2690 287 2744 653.

319 2686 483 2744 σμῦξαι]
508 2689 747 2728 κατακαῦσαι
922 2686 1018 2728 668.
1051 2685 1220 2744 Σκῦρον]
1245 2687 1361 2729 πόλις
1383 2686 1556 2738 Φρυγίας

189 2754 363 2813 αἰπεῖαν]
385 2754 546 2809 ὑψηλήν
721 2752 903 2812 Ἐνυῆος]
930 2755 1011 2797 υἱὸς
1034 2756 1233 2796 Διονύσου

189 2826 287 2878 671.

190 2893 287 2947 673.

190 2961 287 3013 675.

320 2821 564 2880 ἀνασταδόν]
589 2821 827 2866 ἀναστάντες

319 2889 520 2948 πολύαιν’]
545 2893 696 2932 πολλοῦ
718 2892 877 2933 ἐπαίνου
899 2891 983 2943 ἄξιε
1684 2913 1736 2948 40

320 2957 500 3016 ἀπέειπε]
526 2960 769 3012 ἀπηγόρευσε
925 2960 1021 3002 682.
1053 2958 1289 3017 ἠπείλησεν]
1314 2961 1536 3013 διωρίσατο,
1559 2959 1664 3002 εἶπεν
