1974 3305
641 149 866 189 ΙΛΙΑΔΟΣ
908 150 952 188 Β.
994 137 1077 200 (2)
1537 140 1622 181 309

145 250 243 293 600.
275 248 534 308 ποιπνύοντα]
569 251 814 303 ἐνεργοῦντα,
836 250 1087 289 διακονοῦνται

145 319 242 374 605.
274 319 454 372 λαμπρὸν
476 319 578 372 φάος
599 315 765 374 ἠελίοιο]
800 318 1037 369 περίφρασις

145 390 244 440 607.
274 385 362 445 ἧχι]
397 388 503 435 ἔνθα,
527 388 624 427 ὅπου

145 453 397 512 ἀμφιγυήεις]
417 454 650 508 ἀμφοτέροις
666 458 746 496 τοῖς
764 454 886 505 γυίοις
905 453 1029 506 (γύοις
1047 453 1113 505 Α),
1131 452 1153 491 ὅ
1170 452 1255 491 ἐστι
1271 452 1350 491 τοῖς
1365 447 1471 494 ποσὶ,
1490 446 1622 499 χωλός

147 524 244 565 608.
279 521 441 580 ἰδυίῃσι]
475 524 672 575 ἐμπείροις
845 518 1107 577 πραπίδεσσι]
1143 518 1274 571 φρεσὶ,
1299 516 1485 557 διανοίαις
1669 520 1692 559 5

763 645 807 682 B.
869 640 953 694 (2)

147 741 188 780 4.
221 725 386 785 πολέας]
421 728 471 770 ὡς
492 727 636 781 ταχέας
818 739 879 767 10.
913 720 1128 779 ἐπιτέλλω]
1162 720 1405 773 προστάσσω

155 807 220 851 15.
253 794 444 853 ἐφῆπται]
479 796 743 848 ἐπικρέμαται,
767 793 870 836 τοῦτ’
894 793 1004 834 ἐστὶν
1026 792 1215 832 ἐπίκειται

155 877 220 919 19.
252 862 490 920 ἀμβρόσιος]
526 867 629 906 θεῖος
805 875 872 905 21.
904 858 978 918 τῖ’]
1016 860 1128 910 ἐτίμα

153 944 220 986 23.
253 930 485 988 δαΐφρονος]
520 931 734 983 πολεμικὸν
755 932 936 984 φρόνημα
959 931 1120 982 ἔχοντος
1651 936 1700 962 10

153 1012 220 1055 25.
252 998 574 1057 ἐπιτετράφαται]
610 999 928 1052 ἐπιτετραμμένοι
951 998 1012 1038 καὶ
1033 994 1341 1048 ὑποτεταγμένοι
1364 995 1466 1036 εἰσίν

151 1065 320 1125 μέμηλε]
354 1071 415 1109 διὰ
437 1069 643 1121 φροντίδος
666 1069 755 1108 ἐστί

155 1138 222 1179 26.
257 1140 328 1178 νῦν
349 1136 379 1177 δ’
403 1137 541 1188 ἐμέθεν
563 1135 672 1187 ξύνες
695 1134 795 1193 ὦκα]
825 1136 908 1176 ἀντὶ
931 1138 999 1176 τοῦ
1016 1129 1086 1187 (αὖ
1102 1134 1158 1186 A)
1177 1133 1220 1174 τὸ
1245 1132 1334 1184 παρ’
1351 1133 1444 1183 ἐμοῦ
1466 1131 1631 1184 λεγόμε-

98 1208 165 1249 νόν
187 1223 258 1247 σοι·
272 1207 420 1257 νόησον

159 1287 224 1331 33.
255 1276 363 1316 ἀλλὰ
384 1275 433 1316 σὺ
454 1275 572 1331 σῇσιν
594 1275 663 1328 ἔχε
684 1271 847 1330 φρεσίν]
882 1274 989 1314 ἀλλὰ
1018 1273 1067 1313 σὺ
1095 1272 1139 1312 τὸ
1167 1272 1313 1325 λεχθέν
1336 1287 1400 1311 σοι
1423 1272 1519 1311 κατὰ
1542 1272 1634 1310 νοῦν
1657 1275 1703 1313 15

100 1345 170 1397 ἔχε
192 1343 253 1384 καὶ
273 1344 451 1395 μέμνησο

160 1423 227 1464 34.
257 1409 485 1468 μελίφρων]
518 1413 609 1462 ἡδύς
785 1408 902 1467 ἀνήῃ]
938 1411 1146 1465 καταλίπῃ,
1170 1409 1268 1464 ἐάσῃ

160 1483 226 1533 36.
259 1483 305 1522 τὰ
326 1478 555 1538 φρονέοντ’]
590 1483 709 1521 ταῦτα
730 1481 988 1532 λογιζόμενον

161 1559 226 1603 37.
260 1548 335 1607 φῆ]
371 1550 583 1602 ἐλογίσατο
759 1545 956 1603 αἱρήσειν]
990 1550 1148 1597 λαβεῖν,
1171 1546 1384 1597 πορθήσειν

164 1619 231 1670 38.
263 1615 425 1675 μήδετο]
463 1618 698 1668 ἐβουλεύετο
1660 1625 1710 1649 20

162 1699 228 1741 39.
262 1683 416 1743 θήσειν]
450 1686 630 1737 ποιήσειν
806 1683 862 1725 ἐπ’
887 1681 1032 1740 ἄλγεα]
1059 1682 1120 1724 ἐπ’
1145 1684 1275 1726 αὐτοῖς
1298 1682 1394 1724 κακά

159 1768 229 1809 40.
261 1752 445 1812 ὑσμίνας]
478 1754 608 1808 μάχας

161 1837 229 1877 41.
263 1824 346 1875 θείη
369 1823 410 1864 δέ
428 1840 496 1875 μιν
514 1822 709 1877 ἀμφέχυτ’
728 1819 856 1879 ὀμφή]
887 1822 972 1862 θεία
995 1822 1035 1861 δὲ
1060 1820 1177 1862 αὐτὸν
1195 1821 1278 1874 εἶχε
1300 1820 1466 1870 κληδὼν,
1489 1821 1511 1859 ὅ
1533 1820 1642 1860 ἐστιν

106 1892 279 1945 ἐμνήσθη
298 1896 367 1933 τοῦ
389 1893 538 1944 ὀνείρου
559 1890 645 1947 (τὸν
666 1892 813 1943 ὅμηρον
833 1891 886 1938 Α,
907 1890 1016 1944 quod
1038 1890 1220 1931 correxit
1242 1889 1440 1942 Cobetus)

165 1974 235 2014 42.
267 1957 469 2017 μαλακὸν]
502 1959 710 2012 τρυφερὸν,
735 1960 890 2000 ἁπαλόν
1664 1963 1713 2003 25

163 2042 233 2084 43.
265 2025 472 2084 νηγάτεον]
506 2028 648 2068 νεωστὶ
669 2026 1030 2078 κατεσκευασμένον
1205 2024 1350 2083 φᾶρος]
1386 2024 1540 2078 ἱμάτιον

164 2111 233 2153 45.
266 2093 399 2152 ξίφος]
433 2096 566 2146 σπάθη

165 2165 234 2216 46.
267 2165 434 2217 ἄφθιτον
455 2160 551 2219 αἰεί]
586 2161 863 2215 ἀδιάφθαρτον,
892 2164 1062 2210 αἰώνιον,
1086 2163 1146 2203 ὅτι
1177 2163 1244 2203 οὐκ
1276 2164 1390 2213 ἐδόθη
1420 2163 1462 2202 ἐκ
1483 2165 1551 2202 τοῦ
1579 2161 1645 2214 γέ-

110 2251 200 2277 νους
222 2233 339 2288 ἑτέρῳ

166 2302 235 2354 48.
268 2299 565 2358 προσεβήσετο]
602 2300 799 2342 ἀνέτειλεν
1669 2308 1719 2344 30

167 2380 237 2426 50.
269 2370 388 2423 αὐτὰρ
409 2367 450 2427 ὁ]
484 2371 504 2410 ὁ
527 2372 570 2411 δὲ
591 2368 853 2422 Ἀγαμέμνων

168 2450 238 2495 51.
271 2440 482 2491 κηρύσσειν
504 2435 716 2494 ἀγορήνδε]
749 2441 866 2489 βοᾶν,
891 2442 1108 2490 συγκαλεῖν
1130 2439 1183 2480 εἰς
1205 2436 1249 2478 τὸ
1272 2436 1475 2488 συνέδριον

170 2517 240 2561 52.
271 2506 363 2559 μάλ’
386 2506 486 2564 ὦκα]
520 2508 621 2548 πάνυ
643 2508 864 2549 σπουδαίως

171 2585 240 2629 53.
271 2574 446 2633 βουλὴν]
481 2576 525 2616 τὸ
547 2576 826 2628 προβούλευμα
1002 2573 1076 2633 ἵζε]
1111 2575 1261 2624 ἐκάθιζε

173 2653 242 2698 55.
274 2642 456 2701 πυκινὴν]
492 2644 673 2694 συνετὴν,
697 2644 886 2696 σώφρονα
1060 2641 1262 2700 ἠρτύνετο]
1294 2643 1479 2693 ἐποίησεν
1673 2653 1722 2692 35

170 2713 242 2768 56.
275 2710 412 2769 κλῦτε]
448 2712 643 2753 ἀκούσατε

174 2777 375 2837 ἐνύπνιον]
409 2779 643 2832 ὀνοματικὸν
664 2781 855 2833 ἐπίρρημα
877 2780 961 2821 ἀντὶ
983 2783 1052 2821 τοῦ
1072 2780 1262 2822 ἐνυπνίως

174 2852 243 2903 58.
277 2847 400 2906 φυήν]
435 2849 572 2901 φύσιν,
594 2849 738 2901 τρόπον
913 2846 1105 2905 ἄγχιστα]
1141 2848 1307 2901 ἔγγιστα

182 2928 247 2970 71.
279 2916 392 2973 ᾤχετ’
418 2915 709 2974 ἀποπτάμενος]
744 2917 938 2972 ἀπήρχετο
961 2917 1110 2971 ταχέως
1132 2918 1316 2958 ἀπελθών

185 2984 345 3043 ἀνῆκεν]
372 2986 580 3027 κατέλιπεν
1678 3000 1729 3035 40
