1974 3305
150 266 215 306 14.

147 323 213 364 26.

148 402 214 444 29.

62 468 128 511 77-
174 472 213 514 3·

144 539 211 582 32.

62 595 128 648 78.
177 608 216 649 9.

149 664 214 704 16.

147 742 214 784 27.

61 878 126 921 79.
150 881 218 909 10.

145 933 209 976 28.

59 1002 126 1043 80.
148 1015 216 1045 20.

60 1139 128 1180 81.
179 1152 214 1179 1.

60 1207 126 1250 82.
173 1220 212 1260 9.

149 1288 213 1318 12.

146 1357 212 1387 20.

146 1618 213 1661 28.

60 1687 126 1742 83.
174 1700 214 1742 3.

0 1774 10 1785 ·
147 1768 212 1809 19.

144 1837 211 1879 31.

58 1892 125 1943 84.
171 1906 211 1943 4.

176 1960 213 2001 8.

149 2037 212 2081 15.

59 2097 126 2150 85.
177 2111 212 2139 1.

174 2166 212 2207 8.

149 2247 214 2286 14.

147 2303 214 2346 26.

60 2371 214 2414 86.18.

61 2440 128 2482 88.
175 2453 215 2495 9.

149 2577 214 2618 16.

61 2645 128 2700 89.
174 2659 215 2697 4.

176 2725 214 2768 7.

148 2797 213 2825 10.

149 2865 214 2895 12.

61 2934 128 2975 90.
176 2934 216 2972 4.

151 3002 214 3040 14.

674 155 896 192 numos
941 154 984 191 B.
1027 151 1109 204 (2)

245 254 331 307 ἤτοι
353 255 412 308 ὅγ’
434 255 485 298 ὣς
510 255 628 296 εἰπών

247 325 394 376 ψεῦδός
416 340 483 364 κεν

247 393 284 432 οἱ
305 390 336 432 δ’
360 390 630 440 ἐπανέστησαν

244 458 336 510 ἠΰτε
358 459 472 500 ἔθνεα

245 528 387 578 ὅμαδος
407 526 456 576 ἦν

248 596 399 651 σπουδῇ
420 593 451 635 δ’
475 595 580 643 ἕζετο
601 595 696 635 λαός

239 661 472 716 Ἵ-Ιφαιστος
491 665 563 714 μὲν
584 665 680 703 δῶκε

247 732 367 784 αὐτὰρ
392 731 467 784 ἄρα
494 731 591 774 Ζεὺς
622 734 719 771 δῶκε
750 733 854 785 διακ-

287 801 386 854 τόρῳ
408 798 667 854 Ἀργειφόντῃ

245 866 428 921 Ἑρμείας
449 870 490 908 δὲ
511 867 614 918 ἄναξ
633 870 754 908 δῶκεν

242 933 362 986 αὐτὰρ
384 935 405 974 ὁ
425 934 514 974 αὖτε
537 933 688 985 Πέλοψ

249 1002 406 1055 Ἀτρεὺς
439 1004 479 1043 δὲ
511 1002 690 1052 θνήσκων
721 999 855 1040 ἔλιπεν

289 1072 479 1122 πολύαρνι
502 1071 660 1125 Θυέστῃ

247 1139 436 1190 Κρονίδης
457 1153 536 1179 0111.

245 1209 344 1249 οὕτω
366 1225 441 1249 που
464 1208 530 1248 Διὶ
551 1206 692 1258 μέλλει

245 1275 288 1318 ὃς
307 1275 353 1327 δὴ
374 1290 456 1317 om.

245 1344 530 1396 παυροτέροισι,
580 1344 689 1398 quod
736 1357 850 1397 prae-

290 1413 422 1454 fixum
454 1412 608 1453 scholio
629 1412 851 1453 intermar-

288 1481 436 1536 ginali,
463 1496 545 1522 non
579 1485 667 1522 tam
701 1481 853 1521 lemma

287 1555 351 1591 est
370 1565 495 1605 quam
517 1566 610 1605 pars
632 1549 789 1592 scholii.

245 1620 354 1671 ὅρκια
375 1622 493 1660 πιστὰ
514 1621 703 1670 ταμόντες

244 1691 382 1739 Τρῶας
401 1689 473 1738 μὲν
493 1687 686 1738 λέξασθαι

242 1757 486 1809 ἐγχέσπαλοι
507 1757 644 1808 ἄνδρες
665 1758 753 1798 ἔασι

244 1823 363 1866 Ἰλίου
384 1825 570 1877 ἐκπέρσαι

245 1895 284 1933 αἱ
305 1893 348 1933 δέ
366 1910 440 1934 που
455 1893 640 1945 ἡμέτεραί
657 1894 691 1933 τ’
710 1895 853 1947 ἄλοχοι

246 1960 335 2002 ἀλλ’
359 1960 482 2014 ἄγεθ’,
506 1963 556 2004 ὡς
577 1962 624 2003 ἂν
644 1963 722 2015 ἐγὼ
745 1964 837 2003 εἴπω

246 2028 377 2080 κινήθη
399 2030 431 2070 δ’
453 2030 574 2082 ἀγορή

243 2097 395 2150 λάβρος
415 2099 625 2151 ἐπαιγίζων

243 2169 335 2217 νῆας
356 2168 416 2208 ἐπ’
438 2168 650 2208 ἐσσεύοντο

245 2235 378 2288 οὐρούς
398 2237 433 2275 τ’
455 2235 706 2288 ἐξεκάθαιρον

246 2303 341 2345 ἔνθα
361 2320 428 2346 κεν
450 2303 665 2357 Ἀργείοισι

246 2374 314 2413 κᾶδ
336 2372 379 2414 δέ
395 2389 461 2424 μιν
482 2373 664 2427 εὐχωλήν

246 2441 361 2484 αὐτὸς
381 2440 412 2482 δ’
433 2440 640 2494 Ἀτρείδεω
654 2440 854 2495 Ἀγαμέμ-

287 2527 399 2553 νονος

249 2577 316 2619 τὸν
336 2577 369 2619 δ’
391 2580 551 2632 ἀγανοῖς
572 2579 758 2622 ἐπέεσσιν

247 2649 316 2687 νῦν
335 2648 409 2698 μὲν
429 2651 606 2700 πειρᾶται

246 2715 468 2768 ἀκούσαμεν

243 2783 295 2835 μή
316 2801 352 2825 τι
371 2784 654 2838 χολωσάμενος

246 2851 365 2903 θυμὸς
386 2855 426 2895 δὲ
446 2854 566 2906 μέγας
586 2856 675 2896 ἐστί

249 2922 425 2974 κοίρανος

247 2990 316 3031 οὐκ
337 2990 486 3043 ἀγαθὸν
506 2994 781 3045 πολυκοιρανίη

1014 262 1078 305 17.

1011 333 1078 375 31.

925 469 1078 509 91.19.

925 537 1079 577 92.14.

925 605 993 647 93.
1044 605 1079 632 1.

923 673 991 713 94.
1042 673 1077 701 1.

1039 738 1076 780 7.

1015 809 1078 839 12.

1014 874 1077 916 15·

1014 932 1078 974 18.

1012 1014 1078 1043 21.

1010 1083 1077 1120 24.

1012 1138 1077 1180 28.

953 1216 1020 1260 95.
1069 1219 1106 1249 2.

1067 1289 1106 1326 4.

1066 1344 1105 1384 6.

1067 1426 1105 1465 9.

1042 1494 1105 1523 12.

1042 1561 1105 1603 17.

1038 1632 1104 1674 23.

951 1689 1018 1741 96.
1067 1689 1106 1729 6.

1041 1770 1105 1799 12.

950 1838 1018 1879 97.
1059 1826 1098 1867 6.

1040 1975 1104 2005 12.

1038 2044 1105 2073 20.

1039 2100 1105 2142 28.

952 2595 1019 2635 99-
1066 2590 1105 2634 5·

1039 2799 1106 2842 23.

1039 2867 1105 2907 27.

926 2937 1018 2966 100.
1070 2937 1104 2964 1.

1634 143 1717 184 347

1112 251 1264 302 Κρόνου
1285 253 1373 292 παῖς
1394 262 1473 289 0111.

1111 321 1148 360 οἱ
1178 318 1211 359 δ’
1233 317 1379 371 ἀγορήν
1399 319 1439 358 δὲ
1465 316 1569 358 αὖτις
1600 311 1718 355 ἐπέσ-

1155 403 1270 428 σευτο
1293 386 1384 441 (sie)

1112 455 1307 507 Θερσίτης
1328 453 1361 494 δ’
1385 454 1441 495 ἔτι
1461 455 1603 504 μοῦνος

1112 524 1308 576 Θερσίτης
1329 525 1361 563 δ’
1382 522 1438 562 ἔτι
1458 524 1599 572 μοῦνος

1111 591 1240 645 χωλὸς
1260 590 1290 631 δ’
1315 588 1446 641 ἕτερον
1468 590 1569 629 πόδα

1109 660 1161 715 τῷ
1182 662 1257 712 γὰρ
1280 660 1490 700 νεικείεσκε

1109 728 1246 770 πλεῖαί
1262 744 1322 768 τοι
1341 728 1491 780 χαλκοῦ

1113 796 1302 848 Ἀτρείδη,
1323 796 1387 836 τέο
1409 794 1443 835 δ’
1462 792 1544 834 αὖτ’

1111 865 1247 906 πλεῖαί
1263 882 1324 905 τοι
1345 865 1496 917 χαλκοῦ
1519 860 1666 902 κλισίαι

1112 933 1212 974 εἰσὶν
1232 933 1289 973 ἐνὶ
1313 932 1465 986 κλισίῃς

1110 1002 1157 1041 ὅν
1179 1018 1244 1042 κεν
1264 1002 1338 1054 ἐγὼ
1361 999 1482 1050 δήσας

1109 1069 1139 1110 ὦ
1159 1069 1329 1111 πέπονες

1110 1138 1241 1179 οἴκαδέ
1260 1155 1332 1190 περ
1352 1137 1424 1178 σὺν
1445 1136 1564 1185 νηυσί

1139 1206 1180 1250 ὃς
1202 1207 1264 1247 καὶ
1285 1210 1352 1247 νῦν

1138 1275 1161 1326 ἧ
1186 1277 1259 1327 γὰρ
1280 1275 1329 1316 ἂν
1348 1274 1525 1327 Ἀτρείδη
1548 1277 1618 1316 νῦν

1139 1345 1189 1386 ὡς
1210 1343 1312 1396 φάτο
1336 1345 1507 1385 νεικείων

1139 1411 1302 1465 Θερσῖτ’
1325 1412 1551 1463 ἀκριτόμυθε

1138 1483 1255 1522 ὅσσοι
1276 1480 1337 1532 ἅμ’
1359 1478 1579 1532 Ἀτρείδῃσ’

1138 1550 1227 1591 οὐδέ
1246 1551 1286 1591 τί
1302 1567 1362 1591 πω
1384 1548 1496 1601 σάφα
1516 1549 1627 1600 ἴδμεν

1138 1621 1196 1660 ὅτι
1218 1622 1254 1660 οἱ
1274 1620 1380 1671 μάλα
1399 1616 1533 1658 πολλά

1140 1687 1372 1738 κεκλημένος
1393 1701 1474 1727 0111.

1138 1757 1184 1797 τά
1205 1756 1236 1796 τ’
1259 1758 1351 1796 αἰδῶ
1373 1755 1665 1807 ἀμφικαλύπτει

1131 1824 1290 1876 πλῆξεν,
1319 1826 1340 1864 ὁ
1371 1824 1402 1864 δ’
1427 1824 1579 1874 ἰδνώθη,
1602 1826 1718 1863 θαλε-

1178 1894 1248 1945 ρὸν
1270 1892 1312 1934 δέ
1331 1895 1367 1934 οἱ
1389 1893 1528 1933 ἔκπεσε
1550 1891 1668 1944 δάκρυ

1137 1964 1296 2017 ἀχρεῖον
1318 1963 1409 2003 ἰδών

1137 2033 1297 2085 ἀχρεῖον

1139 2098 1315 2152 ἀλγήσας
1337 2098 1370 2139 δ’
1393 2100 1554 2152 ἀχρεῖον
1575 2097 1667 2138 ἰδών

1097 2201 1105 2209 .
1137 2171 1174 2209 οἱ
1195 2170 1236 2208 δὲ
1260 2168 1321 2208 καὶ
1341 2166 1556 2221 ἀχνύμενοί
1572 2182 1645 2217 περ

1097 2271 1106 2279 .
1139 2237 1213 2278 ὦδε
1235 2235 1277 2277 δέ
1298 2253 1355 2278 τις
1377 2237 1556 2276 ε’ίπεσκεν

1098 2338 1106 2346 .
1137 2305 1160 2356 ἢ
1182 2305 1226 2355 δὴ
1247 2302 1350 2356 μυρί’

1099 2407 1107 2415 .
1139 2374 1231 2424 ἔστη
1253 2375 1452 2424 σκῆπτρον
1473 2370 1575 2424 ἔχων

1097 2477 1105 2484 .
1138 2442 1192 2483 In
1208 2442 1403 2483 lemmate
1420 2442 1483 2480 est
1499 2439 1557 2490 δὴ,
1576 2451 1717 2492 super-

1179 2510 1331 2564 scripto
1351 2510 1427 2562 γάρ

1139 2581 1242 2620 ὥστε
1264 2581 1335 2631 γὰρ
1360 2577 1383 2628 ἢ
1405 2580 1538 2619 παῖδες
1559 2577 1694 2628 νεαροί

1139 2650 1201 2690 καὶ
1236 2651 1310 2701 γὰρ
1341 2648 1398 2689 τίς
1437 2646 1472 2686 θ’
1508 2645 1577 2686 ἕνα
1615 2646 1718 2695 μῆνα

1178 2717 1309 2769 μένων

1140 2789 1256 2836 τλῆτε
1277 2786 1389 2837 φίλοι

1135 2856 1320 2906 μάρτυροι
1341 2853 1406 2895 οὓς
1426 2852 1476 2902 μὴ
1499 2853 1610 2902 κῆρες

1138 2922 1195 2963 ὅτ’
1219 2923 1258 2964 ἐς
1278 2921 1429 2962 Αὐλίδα

1099 3025 1106 3033 .
1137 2993 1243 3043 ἡμεῖς
1267 2990 1300 3031 δ’
1323 2990 1423 3041 ἀμφὶ
1445 2990 1530 3041 περὶ
1551 2988 1689 3041 κρήνην
