1974 3305
263 137 348 176 304
805 140 1028 177 ιΛιΑΔοΣ
1072 139 1120 176 A.
1164 137 1247 188 (1)

322 237 616 295 μαρναμένοιιν]
640 238 875 292 μαχομένων

325 308 419 360 258.
455 308 490 347 οἳ
525 309 610 359 περὶ
640 309 712 358 μὲν
745 305 975 363 βουλὴν-]
1012 307 1095 347 ἀντὶ
1126 311 1195 347 τοῦ
1229 305 1298 359 (αὖ
1329 307 1384 358 Α)
1416 308 1555 349 οἵτινες
1589 306 1791 359 διαφέρετε

264 379 340 416 τῶν
360 374 566 425 Ἑλλήνων
589 377 649 416 καὶ
671 377 713 416 ἐν
734 376 785 431 τῷ
807 376 1071 425 βουλεύεσθαι
1094 377 1156 416 καὶ
1178 378 1220 417 ἐν
1242 377 1292 431 τῷ
1316 379 1505 426 πολεμεῖν

326 453 422 496 259.
455 442 592 500 ἐστὸν]
615 444 810 496 ὑπάρχετε

325 514 421 554 260.
455 510 650 569 ἀρείοσιν]
673 514 869 563 βελτίοσι,
894 515 1087 565 κρείττοσι
1810 533 1832 570 5

328 584 421 623 261.
455 579 652 638 ὡμίλησα]
678 582 1006 634 συνανεστράφην

324 648 522 706 ἀθέριζον]
545 650 746 700 ἠπείθνυν,
770 651 1052 701 ἀπεδοκίμαζον

325 721 421 773 263.
454 716 555 774 οἷον]
581 720 718 759 ὁποῖον

327 789 420 836 264.
455 787 516 826 καὶ
539 784 735 843 ἀντίθεον]
761 787 821 827 καὶ
842 787 911 826 τὸν
933 788 1089 827 ἰσόθεον

326 860 422 906 267.
455 851 571 910 ἔσαν]
593 855 771 907 ὑπῆρχον
1817 892 1866 917 10

326 922 421 963 268.
456 922 602 974 φηρσὶν
623 920 897 979 ὀρεσκῴοισιν]
923 923 1058 975 θηρσὶν
1079 927 1158 965 τοῖς
1181 924 1223 964 ἐν
1246 924 1328 975 ὄρει
1351 922 1614 974 διαιτωμένοις

325 988 548 1046 ἐκπάγλως]
574 991 718 1043 ἐξόχως
740 991 802 1031 καὶ
823 994 1005 1042 φοβερῶς

326 1062 421 1111 269.
454 1056 602 1115 τοῖσιν]
626 1063 709 1102 τοῖς
730 1060 816 1111 περὶ
838 1059 905 1100 τὸν
929 1061 1136 1111 Πειρίθοον

323 1126 582 1184 μεθομίλεον]
607 1128 857 1182 συνεμάχουν

327 1206 424 1247 270.
456 1194 645 1253 τηλόθεν]
669 1198 871 1248 πόρρωθεν
1820 1235 1867 1273 15

327 1274 422 1318 273.
457 1264 518 1304 καὶ
538 1265 610 1315 μέν
630 1263 722 1322 μευ]
748 1266 809 1305 καὶ
831 1266 906 1317 μὴν
928 1267 1021 1317 ἐμοῦ

324 1330 469 1389 ξύνιεν]
493 1333 646 1383 ἤκουον,
671 1335 850 1375 ἐπίθοντο

325 1414 420 1453 274.
452 1400 593 1458 ὔμμες]
619 1404 751 1445 Αἰολίς
775 1392 853 1457 (οἰδ
873 1403 945 1454 A).
1008 1402 1062 1443 In
1092 1402 1155 1443 ed.
1180 1402 1301 1444 Rom.
1335 1404 1396 1445 καὶ
1426 1404 1549 1454 ὑμεῖς.
1607 1403 1744 1444 Αἰολὶς
1774 1402 1797 1452 ἡ

265 1470 480 1513 διάλεκτος.

326 1548 421 1591 275.
456 1541 600 1593 ἀγαθός
616 1557 688 1592 περ
705 1539 798 1598 ἐών]
825 1542 946 1582 καίτοι
966 1541 1159 1593 βασιλεὺς
1179 1541 1365 1595 ὑπάρχων
1386 1541 1409 1592 ἢ
1432 1541 1578 1594 ἀγαθὸς
1598 1543 1643 1596 τῇ
1666 1541 1798 1596 γνώμῃ

325 1607 530 1665 ἀποαίρεο]
557 1609 698 1650 Ἰώνων
875 1608 1035 1666 κούρην]
1060 1610 1204 1650 ’[ώνων
1820 1590 1868 1614 ²0

326 1677 421 1729 276.
451 1678 501 1719 ὥς
522 1680 557 1718 οἱ
579 1677 730 1735 πρῶτα]
755 1680 887 1729 ὥσπερ
914 1679 1014 1732 αὐτῷ
1038 1678 1084 1728 ἐξ
1102 1679 1221 1730 ἀρχῆς

325 1754 420 1797 277.
454 1744 556 1802 θέλ’]
580 1748 731 1796 βούλου

324 1812 419 1864 278.
453 1813 605 1870 ὁμοίης]
629 1817 716 1866 ἴσης
892 1814 1053 1872 ἔμμορε]
1079 1816 1234 1868 ἔλαχεν,
1259 1814 1398 1867 ἔτυχεν

323 1892 419 1937 279.
453 1880 546 1940 ᾧτε]
571 1882 677 1939 ᾧτινι
1851 1935 1868 1946 .-

324 1951 420 1992 281.
454 1951 711 2009 πλεόνεσσιν]
737 1953 819 1993 ἀντὶ
841 1957 908 1993 τοῦ
931 1956 1015 2006 (τοῦ
1037 1968 1117 1994 om.
1140 1954 1195 2006 A)
1224 1954 1419 1994 πλειόνων
1821 1937 1869 1972 2⁰

323 2018 416 2061 282.
448 2020 537 2060 τεὸν
557 2019 691 2077 μένος]
716 2021 786 2071 τὴν
809 2022 884 2071 σὴν
905 2022 1027 2074 ὀργήν

325 2087 418 2142 283.
452 2087 635 2146 μεθέμεν]
661 2093 917 2143 συγχωρῆσαι
1093 2089 1214 2147 μέγα]
1243 2089 1426 2142 μεγάλως

325 2156 419 2208 284.
454 2155 583 2213 ἕρκος]
609 2161 749 2210 τεῖχος,
773 2160 1028 2211 περίφραγμα
1203 2156 1385 2214 πέλεται]
1410 2159 1566 2210 γίνεται

325 2224 420 2266 286.
455 2227 551 2266 κατὰ
572 2224 731 2283 μοῖραν]
758 2229 855 2267 κατὰ
875 2227 919 2267 τὸ
941 2229 1137 2278 προσῆκον

324 2294 419 2334 288.
452 2293 609 2335 πάντων
629 2296 699 2345 μὲν
721 2293 914 2352 κρατέειν]
938 2294 1093 2336 πάντων
1115 2296 1221 2336 θέλει
1241 2295 1450 2348 ὑπερέχειν
1824 2281 1873 2317 30

326 2362 422 2416 289.
457 2361 682 2419 σημαίνειν]
704 2363 978 2414 προστάσσειν

324 2443 418 2483 290.
452 2430 664 2488 αἰχμητὴν]
689 2434 904 2482 πολεμικόν
1079 2429 1243 2488 ἔθεσαν]
1268 2432 1464 2482 ἐποίησαν

324 2511 420 2554 293.
455 2498 600 2556 δειλός]
626 2499 797 2550 ἀσθενής

321 2566 536 2624 οὐτιδανὸς]
561 2568 719 2611 οὐδενὸς
739 2570 864 2621 λόγου
887 2570 994 2619 ἄξιος

323 2647 419 2690 294.
453 2632 588 2692 ἔργον]
612 2639 769 2689 πρᾶγμα
941 2634 1168 2693 ὑπείξομαι]
1192 2635 1440 2690 ὑποχωρήσω
1824 2622 1872 2660 35

324 2716 419 2758 295.
453 2701 678 2761 ἐπιτέλλεο]
702 2705 939 2757 πρόστασσε

324 2773 421 2826 296.
453 2770 632 2829 σήμαιν’]
656 2773 891 2823 πρόστασσε

326 2841 370 2880 οὐ
391 2839 612 2897 γὰρ-ὀΐω]
641 2841 717 2893 ἐγὼ
739 2843 813 2893 γὰρ
834 2841 878 2881 οὐ
901 2842 1040 2890 νομίζω
1063 2842 1277 2891 πεισθῆναί
1295 2858 1360 2881 σοι

327 2921 423 2962 300.
456 2907 642 2966 μελαίνῃ]
667 2910 822 2963 βαθείᾳ.
864 2908 887 2958 ἢ
911 2911 973 2948 διὰ
994 2910 1064 2959 τὴν
1085 2910 1237 2950 πίσσαν
1258 2910 1436 2962 (πησσαν
1456 2909 1512 2962 A)
1824 2962 1874 2996 40

326 2989 420 3028 301.
451 2976 601 3032 φέροις]
625 2976 767 3028 λάβοις
