1974 3305
115 1816 182 1857 70.

115 1883 181 1922 71.

113 2219 179 2260 72.

112 2286 178 2331 73-

111 2628 178 2669 74·

111 2694 178 2737 75-

110 2889 176 2941 76.

235 241 273 282 8.

208 322 273 360 14.

719 142 944 180 ιΛΙΑΔοΣ
984 142 1034 180 O.
1076 146 1088 193 (
1106 142 1157 181 15
1175 142 1188 191 )

306 242 384 294 αἷμ’
402 241 539 294 ἐμέων,
561 243 642 283 ἐπεὶ
664 243 708 282 οὔ
728 260 791 293 μιν

305 309 329 360 ἧ
349 313 458 360 μάλα
478 310 523 360 δὴ
545 311 774 362 κακότεχνος

207 377 275 419 26.
307 376 330 427 ἢ
353 378 398 418 οὐ
416 378 538 428 μέμνῃ
561 379 624 417 ὅτε
644 376 675 416 τ’
701 376 871 428 ἐκρέμνω

180 477 188 485 .
210 458 275 499 19.

205 525 273 555 20.

205 593 274 635 32.

177 750 186 758 .
205 730 273 759 20.

205 785 272 827 28.

203 865 271 908 32.

177 954 186 962 .
205 934 272 976 30.

203 1071 270 1112 33·

177 1159 185 1166 .
207 1138 271 1167 10.

206 1275 270 1304 12.

176 1431 183 1439 .
206 1411 270 1438 10.

205 1547 268 1589 13.

174 1635 183 1644 .
205 1615 269 1644 12.

174 1703 182 1711 .
229 1671 269 1710 6.

201 1750 267 1779 21.

201 1818 268 1848 20.

233 1884 267 1911 l.

227 2017 266 2058 5.

202 2139 266 2180 16.

201 2220 266 2248 10.

228 2286 264 2328 7.

200 2412 263 2452 18.

197 2492 264 2535 23.

197 2558 264 2600 27.

200 2629 264 2657 10.

225 2697 264 2739 3.

226 2752 263 2792 8.

198 2832 263 2872 17.

225 2887 263 2928 8.

198 2968 262 3008 15.

161 3037 254 3065 vm..
275 3037 323 3064 11.
343 3055 347 3058 .

308 447 376 496 ἐμὲ
398 444 428 485 δ’
447 444 526 485 οὐδ’
544 446 593 486 ὡς
614 447 735 494 θυμόν

305 516 523 554 πεπιθοῦσα
543 512 712 553 θυέλλας

307 582 368 621 καὶ
395 580 439 620 τὸ
461 581 736 631 κατειβόμενον
761 580 910 632 Στυγὸς

345 650 446 700 ὕδωρ

305 719 326 758 ὁ
345 720 377 758 δ’
394 717 579 768 ἀνστήσει
601 717 645 757 ὃν
668 719 818 768 ἑταῖρον

304 785 393 827 νόος
413 785 547 838 ἀνέρος
568 800 648 827 om.

303 853 354 895 ὣς
379 851 409 893 δ’
425 855 480 893 ὅτ’
495 854 542 894 ἂν
562 854 648 904 ἀΐξῃ
671 856 760 896 νόος
776 854 910 904 ἀνέρος

305 923 390 962 οὔτε
418 924 520 964 θεοῖς
549 924 654 974 εἴπερ
676 939 730 964 τις
759 923 813 962 ἔτι
842 926 910 961 νῦν

345 990 517 1030 δαίνυται
539 991 709 1042 σώφρων

301 1058 325 1108 ἡ
347 1060 388 1098 δὲ
409 1059 585 1110 γέλασσε
607 1059 784 1110 χείλεσιν

302 1126 354 1177 μὴ
387 1129 454 1166 νῦν
487 1143 552 1175 μοι
588 1125 816 1176 νεμεσήσετ’
838 1124 906 1165 Ὀ-

344 1195 492 1244 λύμπια

303 1263 354 1304 ὡς
374 1263 477 1314 φάτο
499 1263 565 1302 καί
581 1263 613 1313 ῥ’
636 1264 775 1304 ἵππους
803 1262 907 1303 κέλε-

344 1347 388 1370 το
412 1332 558 1381 Δεῖμόιν
579 1348 619 1371 τε
642 1332 781 1380 Φόβον
801 1348 842 1371 τε

303 1398 421 1450 αὐτὰρ
462 1402 542 1440 τοῖς
587 1399 746 1438 ἄλλοισι
792 1399 909 1439 κακὸν

343 1467 446 1517 μέγα
466 1469 563 1506 πᾶσι

301 1535 352 1588 τῷ
375 1537 413 1573 σ’
431 1535 477 1574 αὖ
499 1537 567 1574 νῦν
589 1535 747 1584 κέλομαι

303 1602 427 1643 πάντα
448 1601 478 1642 δ’
498 1603 735 1654 ἀπαγγεῖλαι

299 1669 390 1710 ἶσόν
409 1672 445 1710 οἱ
470 1669 620 1722 φάσθαι

299 1740 438 1790 τριχθὰ
459 1739 500 1777 δὲ
522 1738 648 1778 πάντα
670 1738 851 1777 δέδασται

300 1809 392 1858 γαῖα
414 1804 446 1845 δ’
464 1806 519 1846 ἔτι
539 1804 630 1855 ξυνή

298 1871 350 1924 τῷ
372 1871 422 1922 ῥα
442 1870 502 1910 καὶ
523 1871 566 1910 οὔ
587 1887 622 1909 τι
647 1870 742 1911 Διὸς
763 1870 904 1921 βέομαι

342 1939 484 1990 φρεσίν

298 2007 412 2059 χερσὶ
433 2006 485 2056 μή
509 2007 549 2046 τί
565 2023 613 2056 με
635 2005 766 2058 πάγχυ
790 2006 905 2046 κακὸν

341 2074 391 2115 ὣς
412 2073 668 2114 δειδισσέσθω

295 2140 368 2194 ὁμῇ
387 2139 639 2190 πεπρωμένον

297 2207 366 2257 ἠδέ
386 2208 421 2247 οἱ
443 2207 541 2260 αὐτῷ

297 2275 342 2331 τῇ
362 2274 454 2326 μάλ’
476 2277 710 2315 ἐπισσείωνε
742 2275 903 2325 φοβέειν

340 2345 465 2395 ἥρωας
489 2343 584 2396 (sic)

297 2413 404 2463 ἀμφί
422 2413 440 2451 ἑ
462 2412 667 2463 γινώσκων

295 2478 362 2530 ἧσ’
379 2479 646 2532 ὀλιγηπελέων

295 2548 411 2598 ἤματι
434 2546 519 2602 τῷδ’
537 2548 708 2599 ὄψεσθαι

296 2614 518 2665 ἀκοστήσας
544 2616 605 2655 ἐπὶ
627 2615 753 2668 φάτνῃ

297 2685 346 2726 ὡς
368 2683 519 2723 Δαναοὶ
541 2683 626 2723 εἵως

295 2751 318 2802 ἦ
345 2751 415 2802 θήν
434 2768 501 2801 μιν

298 2820 435 2871 Μέγην
455 2818 488 2859 τ’
507 2818 725 2858 ἀτάλαντον

295 2889 419 2939 μακρὰ
439 2886 561 2937 βιβάς

295 2954 556 3008 ἀμφιδάσειαν

896 3019 967 3060 Bb

1069 255 1134 284 22.

1068 320 1134 362 25.

981 388 1047 430 77.
1096 379 1135 419 6.

1070 458 1133 498 17.

1067 526 1132 553 20.

1064 661 1132 703 32.

979 1328 1044 1366 80.

1062 2692 1124 2732 19.

1059 2827 1125 2868 23.

1090 2555 1126 2582 ευ
1087 2420 1127 2513 02..

1693 134 1778 175 369

1167 244 1402 294 λιλαιόμενα
1421 242 1537 296 χροὸς
1558 243 1653 282 ἆσαι

1168 311 1286 362 αὐτὰρ
1307 311 1390 352 ἐπεὶ
1412 314 1615 351 κατενῶπα

1166 378 1252 429 ἤτοι
1273 380 1294 419 ὁ
1314 380 1387 429 μὲν
1408 380 1521 421 νόθος

1166 449 1349 498 Μηκιστῆ
1371 447 1403 486 δ’
1421 447 1489 488 ἕλε

1165 513 1253 566 ὄφρ’
1292 516 1328 554 οἳ
1367 515 1454 556 τοὺς
1494 514 1667 566 ἐνάριζον
1706 513 1777 554 ἀπ’

1211 582 1321 622 ἔντεα

1164 648 1237 701 ῥεῖ’
1261 650 1383 702 ὄχθας
1411 649 1590 689 καπέτοιο
1611 649 1773 699 βαθείης

1206 719 1353 758 ποσσὶν
1374 717 1514 768 ἐρίπων
1537 716 1628 769 (sie)

1123 818 1130 825 .
1162 786 1398 837 πειρώμενος
1417 783 1486 841 ᾗσι

1124 883 1131 890 .
1163 853 1210 906 τῇ
1245 850 1284 902 ῥ’
1315 852 1398 902 οἵγε
1438 849 1654 904 προχέοντο
1693 854 1770 902 φα-

1205 920 1408 971 λαγγηδόν

1124 1019 1131 1026 .
1165 987 1215 1028 ὥς
1235 988 1284 1038 ῥα
1306 986 1354 1027 σὺ
1374 987 1432 1037 ἤϊε

1123 1083 1131 1092 .
1164 1056 1346 1107 ναύμαχα
1367 1054 1584 1104 κολλήεντα

1163 1124 1219 1164 τίς
1241 1123 1274 1162 δ’
1296 1122 1364 1163 οἶδ’
1388 1124 1425 1163 εἴ
1448 1123 1512 1163 κέν
1533 1123 1569 1162 οἱ
1595 1121 1668 1162 σὺν
1690 1121 1770 1162 δαί-

1205 1208 1292 1241 μονι
1315 1190 1436 1241 θυμὸν
1457 1191 1569 1241 ὀρίνω

1125 1291 1132 1299 .
1164 1259 1239 1299 ἔνθ’
1261 1260 1325 1299 υἷα
1349 1260 1531 1299 Κλυτίοιο

1125 1359 1132 1366 .
1166 1327 1373 1378 Καλήτορα

1123 1427 1130 1435 .
1163 1396 1328 1437 Αἴαντος
1345 1395 1561 1446 θεράποντα
1580 1392 1771 1444 Κυθήριον

1212 1462 1245 1480 Ᾱ)
1275 1464 1284 1476 ’
1342 1462 1351 1478 Κ
1378 1463 1394 1478 J

1163 1479 1226 1503 ναι
1268 1479 1352 1503 επει
1373 1466 1492 1513 ανδρα

1123 1563 1130 1571 .
1162 1535 1305 1582 Τεῦκρε
1327 1531 1449 1571 πέπον

1123 1631 1130 1639 .
1164 1599 1359 1649 ὠκύμορον
1382 1600 1442 1638 καὶ
1465 1598 1579 1648 τόξον

1123 1698 1130 1706 .
1165 1668 1319 1707 ἰόδοκον

978 1734 1043 1774 81.
1091 1748 1130 1787 9.

1123 1835 1130 1842 .
1162 1803 1298 1853 νευρὴν
1320 1802 1354 1841 δ’
1377 1800 1556 1852 ἐξέρρηξε
1587 1801 1768 1851 νεόστρο-

1163 1736 1205 1776 ὅς
1227 1736 1262 1774 οἱ
1284 1734 1502 1785 ἐϋστρεφέα
1521 1732 1658 1784 νευρήν

1205 1876 1296 1921 φον,
1319 1869 1366 1920 ἣν
1389 1870 1553 1918 ἐνέδησα
1573 1868 1716 1920 πρώϊον

1122 1971 1129 1978 .
1162 1940 1307 1990 πρώϊον
1329 1937 1418 1990 ὄφρ’
1435 1937 1613 1990 ἀνέχοιτο

1121 2039 1128 2046 .
1160 2007 1257 2056 ἠμὲν
1278 2006 1449 2046 ὁτέοισιν

1163 2073 1236 2114 ἔνθ’
1249 2073 1404 2124 “Εκτωρ
1424 2075 1495 2123 μὲν
1513 2073 1578 2113 ἕλε
1602 2073 1769 2125 Σχεδίον

1162 2142 1423 2191 Πουλυδάμας
1453 2143 1485 2180 δ’
1505 2139 1632 2180 φΩτον
1664 2143 1767 2179 Κυλ-

1203 2209 1339 2259 λήνιον

1120 2307 1127 2315 .
1160 2276 1286 2325 τόφρα
1317 2274 1358 2312 δὲ
1384 2274 1436 2326 τῷ
1469 2273 1657 2323 ἐπόρουσε
1688 2271 1767 2310 Δό-

1202 2346 1287 2391 >xmp

1159 2408 1227 2446 τόν
1246 2404 1284 2457 ῥ’
1308 2406 1443 2455 ἐφόρει
1465 2403 1672 2455 γυάλοισιν

1119 2507 1126 2514 .
1158 2475 1305 2525 ἤγαγεν
1325 2471 1370 2521 ἐξ
1387 2471 1561 2523 Ἐφύρης

1159 2540 1356 2581 κάππεσεν
1398 2540 1439 2579 ἐν
1481 2538 1643 2592 κονίῃσι,
1681 2537 1767 2577 νέον

1202 2609 1348 2660 φοίνικι
1368 2607 1529 2658 φαεινός

1158 2676 1345 2727 συλήσειν
1374 2673 1529 2725 ’Ἐκτωρ
1570 2675 1610 2713 δὲ
1656 2689 1765 2713 κασι-

1200 2743 1377 2796 γνήτοισι

1157 2810 1273 2864 βάσκ’
1316 2812 1358 2850 ἐν
1409 2809 1595 2864 Περκώτῃ
1650 2806 1766 2858 δηΐων

1198 2880 1420 2930 ἀπονόσφιν
1441 2877 1583 2917 ἐόντων
