1974 3305
720 160 946 199 ῑΛιΑΔοΣ
986 157 1036 199 Λ.
1078 157 1190 212 (11)

302 291 310 300 .
343 261 467 301 ε”λσαν
492 259 526 300 δ’
549 263 591 302 ἐν
615 262 804 312 μέσσοισι

271 353 310 379 Q·
345 329 510 369 οὔτασεν
532 328 637 380 ὦμον
662 331 828 382 ὕπερθεν
855 331 920 370 ἐπ-

384 396 433 436 άλ
437 413 552 447 μενος

991 272 1089 314 399.
1141 272 1176 300 1.

1110 341 1174 382 13.

1110 396 1173 436 18.

1703 156 1787 196 363

1210 260 1346 310 δεξιὸν,
1370 258 1544 309 ἐκλάσθη
1567 261 1607 299 δὲ
1630 261 1746 310 δόναξ

1207 328 1258 370 ὣς
1279 330 1315 370 οἱ
1334 329 1407 379 μὲν
1427 327 1621 378 μάρναντο
1644 326 1762 378 δέμας

1208 396 1360 447 ἑστήκει
1380 398 1454 448 γὰρ
1475 396 1536 437 ἐπὶ
1559 397 1708 451 πρύμνῃ

242 475 310 517 32.
343 465 460 516 αὐτὰρ
498 464 631 505 ἔπειτα
672 467 818 505 Θόωνα
860 466 922 505 καὶ
1110 477 1172 518 19.
1207 466 1396 516 εἰσορόων
1416 467 1537 506 πόνον
1558 465 1674 505 αἰπὺν
1692 463 1786 504 ἰῶκά

377 530 576 583 ’Έννομον
1244 548 1288 573 τε

125 610 221 652 392.
272 611 308 651 7.
341 599 446 651 δουρὶ
468 601 564 640 κατὰ
584 601 801 652 πρότμησιν
1105 611 1171 653 23.
1204 599 1368 649 ἔκμολεν

243 679 308 709 12.
341 665 370 707 ὦ
391 667 563 709 Ὀδυσεῦ
588 670 774 711 πολύαινε
1107 667 1172 708 26.
1204 669 1314 708 τίπτε
1334 686 1381 718 με
1405 667 1627 718 κικλήσκεις

243 743 307 787 15.
339 735 466 776 τοιῶδ’
487 736 600 787 ἄνδρε
989 747 1086 785 400.
1135 749 1173 790 3.
1206 736 1338 777 ὅντινα
1358 740 1496 777 τοῦτον

241 814 308 844 20.
340 802 466 844 πάντα
492 803 526 843 δ’
548 804 624 845 ἀπὸ
645 809 824 856 πλευρῶν
1136 815 1172 855 7.
1207 803 1251 853 ἐξ
1276 805 1414 857 ὀχέων,
1438 805 1496 845 τοὶ
1516 804 1550 844 δ’
1580 806 1668 856 ἱδρῶ
1692 805 1785 845 ἁπε-

125 883 223 927 393.
269 884 310 922 4.
342 871 494 922 ἤμάλα
515 873 560 923 δή
587 890 633 914 σε
1247 873 1426 925 ψύχοντο

241 952 308 994 23.
341 942 421 992 φθῆ
445 958 492 981 σε
513 941 626 985 τέλος
1110 940 1172 980 16.
1205 940 1390 993 χάλκειον
1436 941 1588 990 κάνεον,
1631 941 1692 982 ἐπὶ
1744 943 1785 981 δὲ

124 1020 221 1062 394.
271 1007 308 1048 8.
341 1008 459 1060 αὐτὰρ
482 1010 571 1049 ἐπεί
590 1027 631 1050 κε
659 1010 761 1051 θάνω
1248 1010 1413 1059 κρόμυον
1433 1011 1538 1063 πότῳ
1565 1011 1670 1062 ὄψον

242 1088 306 1116 10.
339 1076 389 1118 ὣς
410 1077 528 1116 εἰπὼν
546 1078 694 1118 Σώκοιο
712 1078 920 1131 δαΐφρονος
1107 1089 1172 1118 21.
1204 1078 1271 1128 ἠδὲ
1292 1079 1382 1129 μέλι
1402 1079 1558 1132 χλωρόν

239 1156 306 1200 23.
339 1146 564 1196 κεκλόμενοι
587 1146 670 1187 καθ’
693 1148 833 1198 ὅμιλον
1106 1158 1171 1200 23.
1206 1148 1307 1197 ἱεροῦ
1328 1161 1408 1187 om.

239 1213 307 1255 26.
339 1213 404 1254 αῧε
426 1212 457 1254 δ’
481 1215 654 1266 ἑταίρους
1105 1225 1168 1265 27.
1202 1217 1280 1265 πὰρ
1301 1214 1343 1255 δὲ
1365 1215 1482 1258 δέπας

124 1290 220 1336 395.
243 1294 308 1333 14.
341 1284 488 1333 σίντην·
524 1286 618 1327 θῶες
638 1284 708 1335 μέν
733 1301 775 1325 τε
987 1295 1084 1333 401.
1135 1281 1172 1324 8.
1205 1285 1384 1336 χρύσειαι
1410 1283 1615 1335 νεμέθοντο

241 1350 306 1392 18.
339 1350 490 1393 ἀΐσσων
511 1349 541 1407 ᾧ
562 1353 673 1406 ἔγχεϊ
1104 1363 1170 1401 24.
1203 1352 1325 1395 ἄλλος
1346 1353 1418 1403 μὲν
1444 1352 1597 1405 μογέων

238 1427 306 1472 25.
340 1421 558 1472 Πριαμίδην
579 1423 697 1462 νόθον
986 1431 1083 1469 402.
1132 1419 1169 1460 8.
1203 1421 1290 1461 ἐπεί
1310 1419 1349 1472 ῥ’
1371 1421 1553 1461 ὥπλισσε
1577 1424 1710 1461 κυκειῶ

237 1500 305 1542 30.
338 1487 500 1538 πλήθων
520 1489 691 1540 ποταμὸς
713 1490 889 1530 πεδίονδε
1107 1501 1169 1542 13.
1202 1487 1322 1529 πάλιν
1343 1488 1511 1540 ἄγγελος

123 1555 220 1611 396.
272 1569 307 1598 Ι.
339 1560 490 1600 πολλὰς
511 1560 552 1598 δὲ
575 1561 664 1609 δρῦς
686 1558 851 1607 ἀζαλέας
1106 1556 1170 1596 16.
1203 1556 1782 1608 ὅσσοιδὴβέλεσινβεβλήαται

242 1633 292 1677 15
330 1624 484 1677 ’Έκτωρ
524 1627 598 1676 μὲν
643 1627 741 1677 μετὰ
791 1630 918 1668 τοῖσιν
1104 1624 1167 1664 18.
1201 1625 1290 1665 οὐδέ
1309 1642 1345 1665 τι
1367 1626 1447 1665 οἶδε

381 1694 510 1744 ὁμίλει
1103 1705 1169 1734 22.
1202 1694 1243 1734 ἐν
1264 1695 1400 1744 νηυσὶν
1421 1694 1553 1735 κέαται

240 1772 304 1814 17.
337 1762 432 1804 νέῶυ
493 1763 665 1817 (duplici
728 1766 917 1816 accentu)
984 1774 1081 1815 403.
1105 1760 1169 1800 18.
1201 1762 1314 1802 αὐτοί
1331 1779 1372 1802 τε
1395 1763 1620 1813 κτεινώμεθ’

380 1831 554 1880 ἀλάπαζε
574 1831 788 1885 φάλαγγας
1101 1843 1168 1872 20.
1200 1831 1300 1883 ἀμφὶ
1321 1832 1524 1882 βοηλασίῃ

239 1911 305 1942 22.
338 1903 488 1941 παῦσεν
510 1901 762 1952 ἀριστεύοντα
984 1911 1082 1950 404.
1104 1907 1168 1952 15.
1201 1900 1370 1953 ἐννύχιοι
1391 1900 1504 1951 προτὶ
1525 1900 1623 1941 ἄστυ

235 1979 305 2022 32.
331 1967 476 2020 ‘'Ex-top
498 1972 566 2009 νῶϊ
589 1968 660 2020 μὲν
682 1968 809 2010 ἐνθάδ’
832 1971 915 2021 ὁμι-
1102 1977 1168 2022 25.
1201 1967 1289 2010 τοὺς
1311 1967 1400 2018 ἔμεν
1421 1968 1500 2009 οἶσι
1530 1968 1654 2022 χρέως
1674 1970 1783 2021 ὀφεί-

379 2036 521 2087 λέομεν
1244 2035 1327 2077 λετ’

237 2113 306 2159 35.
340 2108 437 2146 κεῖσ’
459 2106 598 2147 ἵππους
619 2122 660 2146 τε
683 2106 744 2146 καὶ
767 2105 852 2158 ἅρμ’
984 2112 1082 2158 405.
1130 2117 1168 2157 9.
1202 2105 1411 2156 δαίτρευον,
1473 2104 1640 2146 πολέσιν
1709 2107 1782 2157 γὰρ

122 2183 220 2228 397.
267 2182 307 2225 5.
339 2172 500 2226 μάστιγι
522 2174 660 2229 λιγυρῇ
1241 2171 1393 2213 Ἐπειοὶ
1414 2177 1543 2226 χρεῖος
1559 2174 1725 2225 ὄφειλον

270 2240 308 2282 8.
340 2242 386 2285 ἃς
407 2240 464 2293 ἄρ’
487 2241 554 2294 ἀφ’
579 2242 743 2283 ἱππείων
761 2241 918 2283 ὁπλέων
1105 2242 1168 2282 16.
1202 2242 1326 2282 ἐλθὼν
1346 2239 1420 2293 γάρ
1439 2241 1480 2293 ῥ’
1504 2242 1678 2283 ἐκάκωσε

241 2322 307 2360 14.
339 2310 474 2361 δουρός
490 2323 570 2351 om.
1101 2322 1168 2364 30.
1202 2310 1349 2349 δώδεκα
1373 2312 1448 2361 γὰρ
1470 2312 1630 2360 Νηλῆος

240 2377 305 2419 16.
335 2379 502 2429 μίνυνθα
523 2379 566 2419 δέ
984 2377 1082 2427 406.
1135 2390 1169 2417 1.
1202 2375 1309 2417 τοῦθ’
1330 2377 1666 2429 ὑπερηφανέοντες
1688 2377 1782 2419 Ἐπ-

237 2458 304 2489 21.
336 2449 409 2497 στῆ
446 2448 488 2486 δὲ
521 2448 669 2498 ταφὼν,
705 2448 839 2489 ὄπιθεν
875 2449 916 2488 δὲ
1245 2445 1321 2486 ειοί

379 2515 498 2557 σάκος
1104 2527 1167 2568 13.
1202 2514 1262 2554 καὶ
1283 2515 1356 2566 γὰρ
1377 2518 1429 2568 τῷ
1450 2518 1581 2567 χρεῖος

238 2591 306 2635 25.
338 2584 388 2626 ὡς
409 2583 442 2624 δ’
464 2586 610 2625 αἴθωνα
631 2585 771 2626 λέοντα
1103 2589 1167 2634 25.
1201 2582 1409 2634 δαιτρεύειν
1429 2581 1480 2633 μή
1511 2584 1567 2624 τίς
1598 2585 1634 2624 οἱ
1664 2584 1780 2636 ἀτεμ-

121 2650 219 2707 398.
268 2663 306 2693 2.
339 2653 360 2692 ὁ
384 2654 425 2694 δὲ
446 2656 583 2705 κρειῶν
608 2654 790 2704 ἐρατίζων
1242 2651 1413 2701 βόμενος

241 2733 306 2761 10.
338 2721 475 2772 νωθὴς,
497 2719 526 2775 ᾧ
549 2721 595 2772 δή
1100 2731 1168 2773 30.
1199 2718 1251 2770 μή
1304 2719 1363 2761 τίς
1422 2720 1459 2759 οῑ
1515 2719 1782 2772 ἀτεμβόμενος

239 2801 305 2839 14.
339 2789 490 2845 σπουδῇ
512 2788 545 2829 δ’
568 2788 798 2840 ἐξήλασσαν
1244 2787 1319 2828 κίοι
1346 2788 1435 2837 ἴσης

239 2866 304 2909 17.
335 2858 480 2909 Τρώων
501 2855 730 2908 ἱπποδάμων
984 2864 1082 2907 407.
1105 2866 1168 2896 12.
1199 2855 1404 2906 πανσυδίῃ·
1466 2855 1563 2906 μετὰ
1615 2856 1659 2897 δέ
1705 2862 1782 2910 σφι

239 2936 306 2966 20.
337 2925 444 2965 ἄλλα
463 2926 536 2976 μὲν
557 2926 599 2965 ἐν
621 2923 737 2964 σάκεϊ
1243 2923 1422 2964 Μολίονε

240 3001 307 3040 24.
340 2991 382 3031 ἐν
407 2991 498 3045 γαίῃ
519 2991 680 3031 ἵσταντο
1103 3004 1167 3041 14.
1201 2991 1286 3032 ἔστι
1307 2991 1350 3032 δέ
1370 3009 1426 3034 τις
1448 2993 1662 3045 Θρυόεσσα
