<?xml version="1.0" encoding="UTF-8"?>
<!DOCTYPE html PUBLIC "-//W3C//DTD XHTML 1.0 Transitional//EN"
    "http://www.w3.org/TR/xhtml1/DTD/xhtml1-transitional.dtd">
<html xmlns="http://www.w3.org/1999/xhtml" xml:lang="en" lang="en">
 <head>
  <title>
</title>
<meta http-equiv="Content-Type" content="text/html;charset=utf-8" />
  <meta name='ocr-system' content='tesseract 3.04.00' />
  <meta name='ocr-capabilities' content='ocr_page ocr_carea ocr_par ocr_line ocrx_word'/>
</head>
<body>
  <div class='ocr_page' id='page_1' title='image "./scholiagraecainh02homeuoft_0390.png"; bbox 0 0 1974 3305; ppageno 0'>
   <div class='ocr_carea' id='block_1_1' title="bbox 589 0 864 53">
    <p class='ocr_par' dir='ltr' id='par_1_1' title="bbox 589 0 864 53">
     <span class='ocr_line' id='line_1_1' title="bbox 589 0 864 53; baseline -0.007 2"><span class='ocrx_word' id='word_1_1' title='bbox 589 0 681 15; x_wconf 25' lang='lat' dir='ltr'>‘K‘</span> <span class='ocrx_word' id='word_1_2' title='bbox 727 0 864 53; x_wconf 12' lang='lat' dir='ltr'>*xrs</span> 
     </span>
    </p>
   </div>
   <div class='ocr_carea' id='block_1_2' title="bbox 312 123 1715 278">
    <p class='ocr_par' dir='ltr' id='par_1_2' title="bbox 312 123 1715 278">
     <span class='ocr_line' id='line_1_2' title="bbox 808 123 1117 164; baseline -0.006 0"><span class='ocrx_word' id='word_1_3' title='bbox 808 123 1117 164; x_wconf 86' lang='lat' dir='ltr'><strong>ADDENDA.</strong></span> 
     </span>
     <span class='ocr_line' id='line_1_3' title="bbox 312 176 1715 278; baseline -0.006 -9"><span class='ocrx_word' id='word_1_4' title='bbox 312 176 358 214; x_wconf 39' lang='grc' dir='ltr'><em>Ἀ</em></span> <span class='ocrx_word' id='word_1_5' title='bbox 488 227 650 278; x_wconf 39' lang='lat' dir='ltr'>sadum</span> <span class='ocrx_word' id='word_1_6' title='bbox 682 228 744 275; x_wconf 76' lang='grc' dir='ltr'>ὡς,</span> <span class='ocrx_word' id='word_1_7' title='bbox 783 224 892 278; x_wconf 85' lang='lat' dir='ltr'>quod</span> <span class='ocrx_word' id='word_1_8' title='bbox 922 239 1006 265; x_wconf 92' lang='lat' dir='ltr'>non</span> <span class='ocrx_word' id='word_1_9' title='bbox 1037 227 1099 264; x_wconf 89' lang='lat' dir='ltr'>est</span> <span class='ocrx_word' id='word_1_10' title='bbox 1128 222 1172 262; x_wconf 89' lang='lat' dir='ltr'>in</span> <span class='ocrx_word' id='word_1_11' title='bbox 1203 223 1256 272; x_wconf 86' lang='lat' dir='ltr'>A,</span> <span class='ocrx_word' id='word_1_12' title='bbox 1279 222 1348 262; x_wconf 88' lang='lat' dir='ltr'>sed</span> <span class='ocrx_word' id='word_1_13' title='bbox 1380 221 1533 262; x_wconf 87' lang='lat' dir='ltr'>lemma</span> <span class='ocrx_word' id='word_1_14' title='bbox 1558 221 1653 272; x_wconf 82' lang='grc' dir='ltr'>ἦλθε</span> <span class='ocrx_word' id='word_1_15' title='bbox 1684 221 1715 262; x_wconf 83' lang='grc' dir='ltr'>δ’</span> 
     </span>
    </p>
   </div>
   <div class='ocr_carea' id='block_1_3' title="bbox 239 284 1716 488">
    <p class='ocr_par' dir='ltr' id='par_1_3' title="bbox 239 284 1716 488">
     <span class='ocr_line' id='line_1_4' title="bbox 239 284 590 349; baseline -0.017 -8"><span class='ocrx_word' id='word_1_16' title='bbox 239 325 249 341; x_wconf 90' lang='grc'>,</span> <span class='ocrx_word' id='word_1_17' title='bbox 301 284 590 349; x_wconf 63' lang='lat' dir='ltr'>33·3p·ci1&gt;‹50÷11.</span> 
     </span>
     <span class='ocr_line' id='line_1_5' title="bbox 247 335 1313 420; baseline -0.009 -14"><span class='ocrx_word' id='word_1_18' title='bbox 247 335 383 420; x_wconf 62' lang='grc' dir='ltr'><strong><em>Αθ].”’8.</em></strong></span> <span class='ocrx_word' id='word_1_19' title='bbox 416 363 519 403; x_wconf 85' lang='lat' dir='ltr'>Dole</span> <span class='ocrx_word' id='word_1_20' title='bbox 540 363 597 413; x_wconf 82' lang='grc' dir='ltr'>ἣν,</span> <span class='ocrx_word' id='word_1_21' title='bbox 622 360 731 415; x_wconf 87' lang='lat' dir='ltr'>quod</span> <span class='ocrx_word' id='word_1_22' title='bbox 753 362 862 400; x_wconf 84' lang='lat' dir='ltr'>recte</span> <span class='ocrx_word' id='word_1_23' title='bbox 884 359 1088 399; x_wconf 85' lang='lat' dir='ltr'>omittunt</span> <span class='ocrx_word' id='word_1_24' title='bbox 1109 357 1180 398; x_wconf 84' lang='lat' dir='ltr'>alii</span> <span class='ocrx_word' id='word_1_25' title='bbox 1204 356 1313 397; x_wconf 86' lang='lat' dir='ltr'>libri.</span> 
     </span>
     <span class='ocr_line' id='line_1_6' title="bbox 251 423 1716 488; baseline -0.007 -16"><span class='ocrx_word' id='word_1_26' title='bbox 251 444 318 488; x_wconf 83' lang='lat'><strong>45.</strong></span> <span class='ocrx_word' id='word_1_27' title='bbox 343 433 408 474; x_wconf 91' lang='grc'>28.</span> <span class='ocrx_word' id='word_1_28' title='bbox 440 430 534 483; x_wconf 83' lang='grc' dir='ltr'>πρὸς</span> <span class='ocrx_word' id='word_1_29' title='bbox 565 432 611 469; x_wconf 79' lang='grc' dir='ltr'>τὰ</span> <span class='ocrx_word' id='word_1_30' title='bbox 641 429 727 480; x_wconf 85' lang='grc' dir='ltr'>περὶ</span> <span class='ocrx_word' id='word_1_31' title='bbox 761 423 1050 482; x_wconf 83' lang='grc' dir='ltr'>Πυλαιμένους]</span> <span class='ocrx_word' id='word_1_32' title='bbox 1084 424 1203 466; x_wconf 88' lang='lat' dir='ltr'>Conf.</span> <span class='ocrx_word' id='word_1_33' title='bbox 1231 427 1373 465; x_wconf 86' lang='lat' dir='ltr'>annot.</span> <span class='ocrx_word' id='word_1_34' title='bbox 1405 424 1456 464; x_wconf 75' lang='lat' dir='ltr'>ad</span> <span class='ocrx_word' id='word_1_35' title='bbox 1486 439 1526 477; x_wconf 89' lang='lat' dir='ltr'>p.</span> <span class='ocrx_word' id='word_1_36' title='bbox 1554 436 1588 472; x_wconf 87' lang='lat'>1,</span> <span class='ocrx_word' id='word_1_37' title='bbox 1624 432 1645 474; x_wconf 91' lang='lat'><em>7</em></span> <span class='ocrx_word' id='word_1_38' title='bbox 1674 426 1716 462; x_wconf 88' lang='lat' dir='ltr'>et</span> 
     </span>
    </p>
   </div>
   <div class='ocr_carea' id='block_1_4' title="bbox 86 470 1719 2983">
    <p class='ocr_par' dir='ltr' id='par_1_4' title="bbox 86 470 1716 822">
     <span class='ocr_line' id='line_1_7' title="bbox 199 513 384 555; baseline -0.016 -14"><span class='ocrx_word' id='word_1_39' title='bbox 199 515 216 541; x_wconf 93' lang='grc'>1</span> <span class='ocrx_word' id='word_1_40' title='bbox 254 515 291 555; x_wconf 79' lang='grc'>3,</span> <span class='ocrx_word' id='word_1_41' title='bbox 320 513 384 539; x_wconf 89' lang='grc'>11.</span> 
     </span>
     <span class='ocr_line' id='line_1_8' title="bbox 93 470 1715 642; baseline -0.004 -36"><span class='ocrx_word' id='word_1_42' title='bbox 93 470 188 642; x_wconf 45' lang='lat' dir='ltr'><em>f</em></span> <span class='ocrx_word' id='word_1_43' title='bbox 225 515 321 617; x_wconf 69' lang='lat'>348.</span> <span class='ocrx_word' id='word_1_44' title='bbox 356 580 392 608; x_wconf 85' lang='lat'><strong>2.</strong></span> <span class='ocrx_word' id='word_1_45' title='bbox 444 568 502 606; x_wconf 86' lang='grc' dir='ltr'>ὅτι</span> <span class='ocrx_word' id='word_1_46' title='bbox 539 567 753 616; x_wconf 81' lang='grc' dir='ltr'>Ζηνόδοτος</span> <span class='ocrx_word' id='word_1_47' title='bbox 785 563 928 616; x_wconf 81' lang='grc' dir='ltr'>γράψει</span> <span class='ocrx_word' id='word_1_48' title='bbox 958 563 1092 615; x_wconf 83' lang='grc' dir='ltr'>χείρας</span> <span class='ocrx_word' id='word_1_49' title='bbox 1124 559 1316 617; x_wconf 83' lang='grc' dir='ltr'>ἆναπτάς]</span> <span class='ocrx_word' id='word_1_50' title='bbox 1357 560 1479 601; x_wconf 82' lang='lat' dir='ltr'>Hanc</span> <span class='ocrx_word' id='word_1_51' title='bbox 1520 559 1715 600; x_wconf 81' lang='lat' dir='ltr'>vitiosam</span> 
     </span>
     <span class='ocr_line' id='line_1_9' title="bbox 86 627 1716 687; baseline -0.006 -11"><span class='ocrx_word' id='word_1_52' title='bbox 86 651 87 654; x_wconf 51' lang='lat'>¹</span> <span class='ocrx_word' id='word_1_53' title='bbox 194 635 394 676; x_wconf 89' lang='lat' dir='ltr'>librorum</span> <span class='ocrx_word' id='word_1_54' title='bbox 421 634 679 687; x_wconf 77' lang='lat' dir='ltr'>quorundam</span> <span class='ocrx_word' id='word_1_55' title='bbox 707 632 954 684; x_wconf 73' lang='lat' dir='ltr'>scripturam</span> <span class='ocrx_word' id='word_1_56' title='bbox 974 629 1114 679; x_wconf 80' lang='lat' dir='ltr'>fuisse,</span> <span class='ocrx_word' id='word_1_57' title='bbox 1135 628 1342 668; x_wconf 85' lang='lat' dir='ltr'>detortam</span> <span class='ocrx_word' id='word_1_58' title='bbox 1363 643 1413 668; x_wconf 82' lang='lat' dir='ltr'>ex</span> <span class='ocrx_word' id='word_1_59' title='bbox 1433 627 1528 681; x_wconf 82' lang='grc' dir='ltr'>χεῖρ’</span> <span class='ocrx_word' id='word_1_60' title='bbox 1553 629 1716 668; x_wconf 78' lang='grc' dir='ltr'>ἀναπιτ-</span> 
     </span>
     <span class='ocr_line' id='line_1_10' title="bbox 196 695 1715 752; baseline -0.005 -8"><span class='ocrx_word' id='word_1_61' title='bbox 196 704 274 752; x_wconf 61' lang='lat' dir='ltr'>mis,</span> <span class='ocrx_word' id='word_1_62' title='bbox 307 702 484 743; x_wconf 86' lang='lat' dir='ltr'>coniecit</span> <span class='ocrx_word' id='word_1_63' title='bbox 516 701 697 741; x_wconf 85' lang='lat' dir='ltr'>Cobetus</span> <span class='ocrx_word' id='word_1_64' title='bbox 729 700 890 739; x_wconf 86' lang='lat' dir='ltr'>Mnem.</span> <span class='ocrx_word' id='word_1_65' title='bbox 920 712 1012 738; x_wconf 92' lang='lat' dir='ltr'>nov.</span> <span class='ocrx_word' id='word_1_66' title='bbox 1039 709 1061 739; x_wconf 83' lang='lat'>2</span> <span class='ocrx_word' id='word_1_67' title='bbox 1083 712 1123 750; x_wconf 89' lang='lat' dir='ltr'>p.</span> <span class='ocrx_word' id='word_1_68' title='bbox 1150 696 1242 749; x_wconf 85' lang='lat'>189,</span> <span class='ocrx_word' id='word_1_69' title='bbox 1266 695 1415 735; x_wconf 84' lang='lat' dir='ltr'>collato</span> <span class='ocrx_word' id='word_1_70' title='bbox 1438 695 1517 736; x_wconf 89' lang='lat' dir='ltr'>Od.</span> <span class='ocrx_word' id='word_1_71' title='bbox 1545 709 1609 744; x_wconf 85' lang='grc'>11,</span> <span class='ocrx_word' id='word_1_72' title='bbox 1632 707 1715 749; x_wconf 77' lang='grc'>392</span> 
     </span>
     <span class='ocr_line' id='line_1_11' title="bbox 194 769 664 822; baseline -0.006 -11"><span class='ocrx_word' id='word_1_73' title='bbox 194 773 332 812; x_wconf 77' lang='grc' dir='ltr'>πιτνὰς</span> <span class='ocrx_word' id='word_1_74' title='bbox 353 772 406 812; x_wconf 84' lang='grc' dir='ltr'>εἷς</span> <span class='ocrx_word' id='word_1_75' title='bbox 429 769 495 820; x_wconf 86' lang='grc' dir='ltr'>ἐμὲ</span> <span class='ocrx_word' id='word_1_76' title='bbox 517 773 664 822; x_wconf 82' lang='grc' dir='ltr'>χεῖρας.</span> 
     </span>
    </p>

    <p class='ocr_par' dir='ltr' id='par_1_5' title="bbox 193 829 1717 957">
     <span class='ocr_line' id='line_1_12' title="bbox 250 829 1717 892; baseline -0.005 -14"><span class='ocrx_word' id='word_1_77' title='bbox 250 849 319 892; x_wconf 84' lang='grc'><strong><em>59.</em></strong></span> <span class='ocrx_word' id='word_1_78' title='bbox 339 850 405 888; x_wconf 78' lang='grc'>24,</span> <span class='ocrx_word' id='word_1_79' title='bbox 429 849 495 890; x_wconf 82' lang='grc'>25.</span> <span class='ocrx_word' id='word_1_80' title='bbox 528 836 640 876; x_wconf 88' lang='lat' dir='ltr'>Pone</span> <span class='ocrx_word' id='word_1_81' title='bbox 675 838 879 888; x_wconf 88' lang='lat' dir='ltr'>punctum</span> <span class='ocrx_word' id='word_1_82' title='bbox 912 836 1006 887; x_wconf 85' lang='lat' dir='ltr'>post</span> <span class='ocrx_word' id='word_1_83' title='bbox 1035 830 1162 881; x_wconf 56' lang='grc' dir='ltr'>ς,Ωρος</span> <span class='ocrx_word' id='word_1_84' title='bbox 1195 834 1250 884; x_wconf 91' lang='lat' dir='ltr'><strong>(v.</strong></span> <span class='ocrx_word' id='word_1_85' title='bbox 1285 831 1462 871; x_wconf 76' lang='lat' dir='ltr'>Praefat.</span> <span class='ocrx_word' id='word_1_86' title='bbox 1500 845 1539 883; x_wconf 91' lang='lat' dir='ltr'>p.</span> <span class='ocrx_word' id='word_1_87' title='bbox 1560 829 1650 881; x_wconf 83' lang='lat' dir='ltr'>xiii)</span> <span class='ocrx_word' id='word_1_88' title='bbox 1673 833 1717 870; x_wconf 87' lang='lat' dir='ltr'>et</span> 
     </span>
     <span class='ocr_line' id='line_1_13' title="bbox 193 903 854 957; baseline -0.006 -12"><span class='ocrx_word' id='word_1_89' title='bbox 193 904 282 945; x_wconf 86' lang='lat' dir='ltr'>dele</span> <span class='ocrx_word' id='word_1_90' title='bbox 304 918 465 944; x_wconf 79' lang='lat' dir='ltr'>comma</span> <span class='ocrx_word' id='word_1_91' title='bbox 485 907 580 957; x_wconf 89' lang='lat' dir='ltr'>post</span> <span class='ocrx_word' id='word_1_92' title='bbox 601 903 854 954; x_wconf 82' lang='grc' dir='ltr'>παρωνύμων.</span> 
     </span>
    </p>

    <p class='ocr_par' dir='ltr' id='par_1_6' title="bbox 253 965 1624 1027">
     <span class='ocr_line' id='line_1_14' title="bbox 253 965 1624 1027; baseline -0.006 -14"><span class='ocrx_word' id='word_1_93' title='bbox 253 975 319 1013; x_wconf 92' lang='lat'>61.</span> <span class='ocrx_word' id='word_1_94' title='bbox 338 986 376 1027; x_wconf 83' lang='lat'><strong>3.</strong></span> <span class='ocrx_word' id='word_1_95' title='bbox 410 973 460 1012; x_wconf 89' lang='lat' dir='ltr'>In</span> <span class='ocrx_word' id='word_1_96' title='bbox 481 974 621 1011; x_wconf 81' lang='lat' dir='ltr'>annot.</span> <span class='ocrx_word' id='word_1_97' title='bbox 643 984 716 1023; x_wconf 90' lang='lat' dir='ltr'>pro</span> <span class='ocrx_word' id='word_1_98' title='bbox 738 969 789 1020; x_wconf 86' lang='grc' dir='ltr'>μή</span> <span class='ocrx_word' id='word_1_99' title='bbox 812 986 857 1009; x_wconf 88' lang='grc' dir='ltr'>σε</span> <span class='ocrx_word' id='word_1_100' title='bbox 879 968 1002 1018; x_wconf 87' lang='grc' dir='ltr'>νοήσῃ</span> <span class='ocrx_word' id='word_1_101' title='bbox 1023 967 1130 1020; x_wconf 82' lang='lat' dir='ltr'>lege,</span> <span class='ocrx_word' id='word_1_102' title='bbox 1157 966 1330 1006; x_wconf 81' lang='lat' dir='ltr'>Lemma</span> <span class='ocrx_word' id='word_1_103' title='bbox 1351 965 1401 1017; x_wconf 89' lang='grc' dir='ltr'>μή</span> <span class='ocrx_word' id='word_1_104' title='bbox 1426 982 1472 1006; x_wconf 90' lang='grc' dir='ltr'>σε</span> <span class='ocrx_word' id='word_1_105' title='bbox 1489 965 1624 1021; x_wconf 89' lang='grc' dir='ltr'>νοήσῃ.</span> 
     </span>
    </p>

    <p class='ocr_par' dir='ltr' id='par_1_7' title="bbox 195 1033 1715 1165">
     <span class='ocr_line' id='line_1_15' title="bbox 253 1033 1715 1094; baseline -0.005 -14"><span class='ocrx_word' id='word_1_106' title='bbox 253 1041 319 1094; x_wconf 81' lang='lat'><strong>63.</strong></span> <span class='ocrx_word' id='word_1_107' title='bbox 359 1049 394 1092; x_wconf 91' lang='lat'>7.</span> <span class='ocrx_word' id='word_1_108' title='bbox 434 1040 501 1079; x_wconf 91' lang='lat'>66.</span> <span class='ocrx_word' id='word_1_109' title='bbox 545 1048 610 1089; x_wconf 91' lang='grc'>27.</span> <span class='ocrx_word' id='word_1_110' title='bbox 648 1037 715 1077; x_wconf 87' lang='grc'>68.</span> <span class='ocrx_word' id='word_1_111' title='bbox 756 1050 820 1086; x_wconf 87' lang='lat'><strong>14.</strong></span> <span class='ocrx_word' id='word_1_112' title='bbox 869 1036 984 1076; x_wconf 81' lang='lat' dir='ltr'>Haec</span> <span class='ocrx_word' id='word_1_113' title='bbox 1014 1034 1124 1075; x_wconf 89' lang='lat' dir='ltr'>inter</span> <span class='ocrx_word' id='word_1_114' title='bbox 1151 1034 1401 1088; x_wconf 80' lang='lat' dir='ltr'>glossemata</span> <span class='ocrx_word' id='word_1_115' title='bbox 1432 1033 1715 1073; x_wconf 72' lang='lat' dir='ltr'>interlineari-a</span> 
     </span>
     <span class='ocr_line' id='line_1_16' title="bbox 195 1111 534 1165; baseline -0.009 -14"><span class='ocrx_word' id='word_1_116' title='bbox 195 1111 384 1165; x_wconf 82' lang='lat' dir='ltr'>ponenda</span> <span class='ocrx_word' id='word_1_117' title='bbox 404 1112 534 1150; x_wconf 78' lang='lat' dir='ltr'>erant.</span> 
     </span>
    </p>

    <p class='ocr_par' dir='ltr' id='par_1_8' title="bbox 195 1171 1716 1298">
     <span class='ocr_line' id='line_1_17' title="bbox 253 1171 1716 1233; baseline -0.005 -16"><span class='ocrx_word' id='word_1_118' title='bbox 253 1179 320 1233; x_wconf 84' lang='lat'>63.</span> <span class='ocrx_word' id='word_1_119' title='bbox 345 1188 411 1229; x_wconf 82' lang='lat'><strong>27.</strong></span> <span class='ocrx_word' id='word_1_120' title='bbox 445 1178 554 1216; x_wconf 83' lang='lat' dir='ltr'>Sunt</span> <span class='ocrx_word' id='word_1_121' title='bbox 584 1174 833 1229; x_wconf 74' lang='lat' dir='ltr'>glossemata</span> <span class='ocrx_word' id='word_1_122' title='bbox 860 1171 1152 1221; x_wconf 83' lang='lat' dir='ltr'>interlinearia‚</span> <span class='ocrx_word' id='word_1_123' title='bbox 1175 1186 1351 1225; x_wconf 89' lang='lat' dir='ltr'>quorum</span> <span class='ocrx_word' id='word_1_124' title='bbox 1381 1171 1573 1220; x_wconf 80' lang='lat' dir='ltr'>alterum,</span> <span class='ocrx_word' id='word_1_125' title='bbox 1596 1176 1716 1211; x_wconf 86' lang='grc' dir='ltr'>πολυ-</span> 
     </span>
     <span class='ocr_line' id='line_1_18' title="bbox 195 1242 888 1298; baseline -0.009 -11"><span class='ocrx_word' id='word_1_126' title='bbox 195 1247 420 1298; x_wconf 82' lang='grc' dir='ltr'>πραγμόνει,</span> <span class='ocrx_word' id='word_1_127' title='bbox 445 1247 603 1298; x_wconf 80' lang='lat' dir='ltr'>spectat</span> <span class='ocrx_word' id='word_1_128' title='bbox 626 1244 677 1283; x_wconf 82' lang='lat' dir='ltr'>ad</span> <span class='ocrx_word' id='word_1_129' title='bbox 699 1242 888 1293; x_wconf 82' lang='grc' dir='ltr'>μετάλλα.</span> 
     </span>
    </p>

    <p class='ocr_par' dir='ltr' id='par_1_9' title="bbox 195 1305 1718 1642">
     <span class='ocr_line' id='line_1_19' title="bbox 254 1305 1715 1369; baseline -0.006 -15"><span class='ocrx_word' id='word_1_130' title='bbox 254 1315 320 1369; x_wconf 79' lang='lat'><strong>63.</strong></span> <span class='ocrx_word' id='word_1_131' title='bbox 341 1326 406 1366; x_wconf 84' lang='grc'><strong><em>29.</em></strong></span> <span class='ocrx_word' id='word_1_132' title='bbox 438 1309 673 1367; x_wconf 85' lang='grc' dir='ltr'>ἐμφατικὸν]</span> <span class='ocrx_word' id='word_1_133' title='bbox 698 1315 717 1336; x_wconf 67' lang='lat'>³⁵</span> <span class='ocrx_word' id='word_1_134' title='bbox 733 1310 992 1362; x_wconf 74' lang='grc' dir='ltr'>ἐμφαντικόνε</span> <span class='ocrx_word' id='word_1_135' title='bbox 1025 1307 1134 1362; x_wconf 90' lang='lat' dir='ltr'>quod</span> <span class='ocrx_word' id='word_1_136' title='bbox 1164 1307 1416 1361; x_wconf 79' lang='lat' dir='ltr'>probabilius</span> <span class='ocrx_word' id='word_1_137' title='bbox 1436 1311 1478 1347; x_wconf 85' lang='lat' dir='ltr'>et</span> <span class='ocrx_word' id='word_1_138' title='bbox 1498 1305 1599 1346; x_wconf 81' lang='lat' dir='ltr'>alibi</span> <span class='ocrx_word' id='word_1_139' title='bbox 1629 1305 1715 1359; x_wconf 88' lang='lat' dir='ltr'>ple—</span> 
     </span>
     <span class='ocr_line' id='line_1_20' title="bbox 195 1376 1715 1437; baseline -0.006 -13"><span class='ocrx_word' id='word_1_140' title='bbox 195 1398 367 1437; x_wconf 84' lang='lat' dir='ltr'>rumque</span> <span class='ocrx_word' id='word_1_141' title='bbox 397 1383 565 1435; x_wconf 77' lang='lat' dir='ltr'>legitur.</span> <span class='ocrx_word' id='word_1_142' title='bbox 627 1381 691 1420; x_wconf 88' lang='lat' dir='ltr'>De</span> <span class='ocrx_word' id='word_1_143' title='bbox 720 1382 896 1433; x_wconf 88' lang='lat' dir='ltr'>utroque</span> <span class='ocrx_word' id='word_1_144' title='bbox 916 1394 954 1418; x_wconf 90' lang='lat' dir='ltr'><strong>v.</strong></span> <span class='ocrx_word' id='word_1_145' title='bbox 977 1378 1096 1418; x_wconf 83' lang='lat' dir='ltr'>Thes.</span> <span class='ocrx_word' id='word_1_146' title='bbox 1119 1377 1197 1418; x_wconf 87' lang='lat' dir='ltr'>vol.</span> <span class='ocrx_word' id='word_1_147' title='bbox 1221 1391 1245 1431; x_wconf 78' lang='lat'>3</span> <span class='ocrx_word' id='word_1_148' title='bbox 1268 1392 1307 1430; x_wconf 90' lang='lat' dir='ltr'>p.</span> <span class='ocrx_word' id='word_1_149' title='bbox 1331 1377 1571 1432; x_wconf 81' lang='lat'><strong>932—936.</strong></span> <span class='ocrx_word' id='word_1_150' title='bbox 1617 1376 1715 1416; x_wconf 86' lang='lat' dir='ltr'>Fre-</span> 
     </span>
     <span class='ocr_line' id='line_1_21' title="bbox 197 1444 1718 1505; baseline -0.007 -13"><span class='ocrx_word' id='word_1_151' title='bbox 197 1466 323 1505; x_wconf 84' lang='lat' dir='ltr'>quens</span> <span class='ocrx_word' id='word_1_152' title='bbox 345 1451 390 1490; x_wconf 89' lang='lat' dir='ltr'>in</span> <span class='ocrx_word' id='word_1_153' title='bbox 413 1449 579 1491; x_wconf 75' lang='lat' dir='ltr'>scholiis</span> <span class='ocrx_word' id='word_1_154' title='bbox 602 1447 837 1489; x_wconf 79' lang='lat' dir='ltr'>Homericis</span> <span class='ocrx_word' id='word_1_155' title='bbox 858 1446 1010 1487; x_wconf 85' lang='lat' dir='ltr'>locutio</span> <span class='ocrx_word' id='word_1_156' title='bbox 1038 1450 1192 1498; x_wconf 83' lang='grc' dir='ltr'>μᾶλλον</span> <span class='ocrx_word' id='word_1_157' title='bbox 1214 1447 1405 1498; x_wconf 84' lang='grc' dir='ltr'>ἐμφαίνει,</span> <span class='ocrx_word' id='word_1_158' title='bbox 1429 1444 1718 1498; x_wconf 65' lang='lat' dir='ltr'>szfflzg‘ficantius</span> 
     </span>
     <span class='ocr_line' id='line_1_22' title="bbox 196 1514 1715 1571; baseline -0.005 -11"><span class='ocrx_word' id='word_1_159' title='bbox 196 1524 264 1569; x_wconf 71' lang='lat' dir='ltr'>est,</span> <span class='ocrx_word' id='word_1_160' title='bbox 289 1519 406 1560; x_wconf 88' lang='lat' dir='ltr'>velut</span> <span class='ocrx_word' id='word_1_161' title='bbox 426 1519 506 1559; x_wconf 89' lang='lat' dir='ltr'>vol.</span> <span class='ocrx_word' id='word_1_162' title='bbox 535 1531 551 1558; x_wconf 88' lang='lat'>1</span> <span class='ocrx_word' id='word_1_163' title='bbox 577 1533 616 1571; x_wconf 88' lang='lat' dir='ltr'>p.</span> <span class='ocrx_word' id='word_1_164' title='bbox 644 1517 736 1566; x_wconf 87' lang='lat'>118,</span> <span class='ocrx_word' id='word_1_165' title='bbox 760 1517 799 1556; x_wconf 89' lang='lat'>6.</span> <span class='ocrx_word' id='word_1_166' title='bbox 822 1515 902 1557; x_wconf 86' lang='lat' dir='ltr'>vol.</span> <span class='ocrx_word' id='word_1_167' title='bbox 927 1528 950 1556; x_wconf 91' lang='lat'>2</span> <span class='ocrx_word' id='word_1_168' title='bbox 979 1530 1019 1568; x_wconf 89' lang='lat' dir='ltr'>p.</span> <span class='ocrx_word' id='word_1_169' title='bbox 1046 1514 1109 1564; x_wconf 85' lang='lat'>18,</span> <span class='ocrx_word' id='word_1_170' title='bbox 1135 1527 1200 1568; x_wconf 81' lang='lat'><strong>23.</strong></span> <span class='ocrx_word' id='word_1_171' title='bbox 1224 1516 1290 1569; x_wconf 82' lang='lat'>83,</span> <span class='ocrx_word' id='word_1_172' title='bbox 1314 1527 1380 1568; x_wconf 79' lang='lat'><strong>33.</strong></span> <span class='ocrx_word' id='word_1_173' title='bbox 1406 1514 1471 1563; x_wconf 84' lang='lat'>88,</span> <span class='ocrx_word' id='word_1_174' title='bbox 1496 1515 1534 1553; x_wconf 87' lang='lat'><strong>6.</strong></span> <span class='ocrx_word' id='word_1_175' title='bbox 1558 1525 1623 1565; x_wconf 88' lang='grc'>92,</span> <span class='ocrx_word' id='word_1_176' title='bbox 1652 1525 1715 1552; x_wconf 83' lang='grc'><strong><em>10.</em></strong></span> 
     </span>
     <span class='ocr_line' id='line_1_23' title="bbox 200 1587 806 1642; baseline -0.007 -14"><span class='ocrx_word' id='word_1_177' title='bbox 200 1601 293 1642; x_wconf 83' lang='lat'>103,</span> <span class='ocrx_word' id='word_1_178' title='bbox 322 1587 383 1628; x_wconf 86' lang='lat'><strong>18.</strong></span> <span class='ocrx_word' id='word_1_179' title='bbox 412 1588 502 1636; x_wconf 80' lang='lat'><strong>160,</strong></span> <span class='ocrx_word' id='word_1_180' title='bbox 531 1599 592 1626; x_wconf 89' lang='lat'><strong>10.</strong></span> <span class='ocrx_word' id='word_1_181' title='bbox 620 1598 714 1640; x_wconf 79' lang='lat'>239,</span> <span class='ocrx_word' id='word_1_182' title='bbox 740 1597 806 1635; x_wconf 82' lang='lat'><strong>24.</strong></span> 
     </span>
    </p>

    <p class='ocr_par' dir='ltr' id='par_1_10' title="bbox 196 1648 1715 1777">
     <span class='ocr_line' id='line_1_24' title="bbox 250 1648 1715 1708; baseline -0.006 -12"><span class='ocrx_word' id='word_1_183' title='bbox 250 1656 317 1696; x_wconf 91' lang='lat'><strong>66.</strong></span> <span class='ocrx_word' id='word_1_184' title='bbox 344 1655 381 1696; x_wconf 88' lang='lat'>8.</span> <span class='ocrx_word' id='word_1_185' title='bbox 413 1655 506 1707; x_wconf 82' lang='grc' dir='ltr'>πρὸς</span> <span class='ocrx_word' id='word_1_186' title='bbox 545 1655 586 1694; x_wconf 85' lang='grc' dir='ltr'>τὸ</span> <span class='ocrx_word' id='word_1_187' title='bbox 623 1651 735 1708; x_wconf 75' lang='grc' dir='ltr'>αὐτό]</span> <span class='ocrx_word' id='word_1_188' title='bbox 776 1652 947 1705; x_wconf 82' lang='lat' dir='ltr'>Spectat</span> <span class='ocrx_word' id='word_1_189' title='bbox 981 1651 1032 1690; x_wconf 83' lang='lat' dir='ltr'>ad</span> <span class='ocrx_word' id='word_1_190' title='bbox 1069 1649 1253 1691; x_wconf 84' lang='lat' dir='ltr'>scholion</span> <span class='ocrx_word' id='word_1_191' title='bbox 1288 1665 1327 1689; x_wconf 87' lang='lat' dir='ltr'><strong>v.</strong></span> <span class='ocrx_word' id='word_1_192' title='bbox 1365 1660 1461 1702; x_wconf 83' lang='lat'><strong>572.</strong></span> <span class='ocrx_word' id='word_1_193' title='bbox 1527 1649 1635 1690; x_wconf 90' lang='lat' dir='ltr'>Ibid.</span> <span class='ocrx_word' id='word_1_194' title='bbox 1670 1648 1715 1688; x_wconf 87' lang='lat' dir='ltr'>in</span> 
     </span>
     <span class='ocr_line' id='line_1_25' title="bbox 196 1721 808 1777; baseline -0.007 -13"><span class='ocrx_word' id='word_1_195' title='bbox 196 1727 337 1764; x_wconf 83' lang='lat' dir='ltr'>annot.</span> <span class='ocrx_word' id='word_1_196' title='bbox 359 1738 433 1777; x_wconf 87' lang='lat' dir='ltr'>pro</span> <span class='ocrx_word' id='word_1_197' title='bbox 454 1733 508 1777; x_wconf 84' lang='lat'>52</span> <span class='ocrx_word' id='word_1_198' title='bbox 530 1721 690 1773; x_wconf 79' lang='lat' dir='ltr'>corrige</span> <span class='ocrx_word' id='word_1_199' title='bbox 713 1729 808 1774; x_wconf 83' lang='grc'><strong><em>572.</em></strong></span> 
     </span>
    </p>

    <p class='ocr_par' dir='ltr' id='par_1_11' title="bbox 199 1785 1716 1899">
     <span class='ocr_line' id='line_1_26' title="bbox 255 1785 1716 1843; baseline -0.005 -12"><span class='ocrx_word' id='word_1_200' title='bbox 255 1792 323 1843; x_wconf 90' lang='lat'>67.</span> <span class='ocrx_word' id='word_1_201' title='bbox 345 1804 384 1841; x_wconf 85' lang='lat'>4,</span> <span class='ocrx_word' id='word_1_202' title='bbox 408 1802 445 1843; x_wconf 84' lang='lat'><strong>5.</strong></span> <span class='ocrx_word' id='word_1_203' title='bbox 479 1790 582 1829; x_wconf 87' lang='lat' dir='ltr'>Dele</span> <span class='ocrx_word' id='word_1_204' title='bbox 618 1788 742 1828; x_wconf 80' lang='lat' dir='ltr'>verba</span> <span class='ocrx_word' id='word_1_205' title='bbox 773 1802 823 1827; x_wconf 81' lang='lat' dir='ltr'>ex</span> <span class='ocrx_word' id='word_1_206' title='bbox 854 1786 941 1827; x_wconf 82' lang='lat' dir='ltr'>cod.</span> <span class='ocrx_word' id='word_1_207' title='bbox 977 1786 1088 1839; x_wconf 86' lang='lat' dir='ltr'>Lips.</span> <span class='ocrx_word' id='word_1_208' title='bbox 1121 1785 1238 1825; x_wconf 78' lang='lat' dir='ltr'>illata</span> <span class='ocrx_word' id='word_1_209' title='bbox 1267 1788 1391 1826; x_wconf 81' lang='grc' dir='ltr'>πᾶσαι</span> <span class='ocrx_word' id='word_1_210' title='bbox 1423 1785 1716 1838; x_wconf 81' lang='grc' dir='ltr'>ἑνικῶς-χειρὶ</span> 
     </span>
     <span class='ocr_line' id='line_1_27' title="bbox 199 1857 434 1899; baseline -0.004 0"><span class='ocrx_word' id='word_1_211' title='bbox 199 1857 434 1899; x_wconf 86' lang='grc' dir='ltr'>κύπελλον.”</span> 
     </span>
    </p>

    <p class='ocr_par' dir='ltr' id='par_1_12' title="bbox 257 1920 1715 1980">
     <span class='ocr_line' id='line_1_28' title="bbox 257 1920 1715 1980; baseline -0.003 -15"><span class='ocrx_word' id='word_1_212' title='bbox 257 1937 323 1977; x_wconf 91' lang='lat'>71.</span> <span class='ocrx_word' id='word_1_213' title='bbox 349 1939 385 1967; x_wconf 88' lang='grc'>2.</span> <span class='ocrx_word' id='word_1_214' title='bbox 417 1923 589 1980; x_wconf 84' lang='grc' dir='ltr'>τελέσει]</span> <span class='ocrx_word' id='word_1_215' title='bbox 616 1924 682 1963; x_wconf 86' lang='lat' dir='ltr'>Sic</span> <span class='ocrx_word' id='word_1_216' title='bbox 706 1924 756 1972; x_wconf 86' lang='lat' dir='ltr'>A,</span> <span class='ocrx_word' id='word_1_217' title='bbox 776 1923 846 1962; x_wconf 84' lang='lat' dir='ltr'>sed</span> <span class='ocrx_word' id='word_1_218' title='bbox 867 1922 1129 1962; x_wconf 87' lang='lat' dir='ltr'>scribendum</span> <span class='ocrx_word' id='word_1_219' title='bbox 1150 1936 1245 1962; x_wconf 89' lang='lat' dir='ltr'>cum</span> <span class='ocrx_word' id='word_1_220' title='bbox 1268 1921 1517 1974; x_wconf 80' lang='lat' dir='ltr'>apostropho</span> <span class='ocrx_word' id='word_1_221' title='bbox 1541 1920 1715 1961; x_wconf 85' lang='grc' dir='ltr'>τελέσει’.</span> 
     </span>
    </p>

    <p class='ocr_par' dir='ltr' id='par_1_13' title="bbox 196 1989 1717 2115">
     <span class='ocr_line' id='line_1_29' title="bbox 256 1989 1717 2048; baseline -0.004 -14"><span class='ocrx_word' id='word_1_222' title='bbox 256 2005 323 2045; x_wconf 88' lang='lat'>72.</span> <span class='ocrx_word' id='word_1_223' title='bbox 356 2007 389 2033; x_wconf 90' lang='lat'><strong>1.</strong></span> <span class='ocrx_word' id='word_1_224' title='bbox 422 1990 623 2048; x_wconf 83' lang='grc' dir='ltr'>ἀόριστον]</span> <span class='ocrx_word' id='word_1_225' title='bbox 660 1991 727 2031; x_wconf 85' lang='lat' dir='ltr'>Sic</span> <span class='ocrx_word' id='word_1_226' title='bbox 758 1991 948 2030; x_wconf 85' lang='lat' dir='ltr'>Villois.:</span> <span class='ocrx_word' id='word_1_227' title='bbox 982 1990 1027 2029; x_wconf 90' lang='lat' dir='ltr'>in</span> <span class='ocrx_word' id='word_1_228' title='bbox 1047 1991 1088 2030; x_wconf 90' lang='lat' dir='ltr'><strong>A</strong></span> <span class='ocrx_word' id='word_1_229' title='bbox 1109 1991 1305 2042; x_wconf 85' lang='grc' dir='ltr'>ἀορίστου,</span> <span class='ocrx_word' id='word_1_230' title='bbox 1329 1989 1427 2030; x_wconf 90' lang='lat' dir='ltr'>licet</span> <span class='ocrx_word' id='word_1_231' title='bbox 1457 1989 1717 2029; x_wconf 77' lang='lat' dir='ltr'>accusativus</span> 
     </span>
     <span class='ocr_line' id='line_1_30' title="bbox 196 2062 643 2115; baseline -0.007 -13"><span class='ocrx_word' id='word_1_232' title='bbox 196 2062 411 2115; x_wconf 80' lang='lat' dir='ltr'>praecedat</span> <span class='ocrx_word' id='word_1_233' title='bbox 434 2063 643 2101; x_wconf 77' lang='grc' dir='ltr'>ἐνεστῶτα.</span> 
     </span>
    </p>

    <p class='ocr_par' dir='ltr' id='par_1_14' title="bbox 195 2126 1719 2316">
     <span class='ocr_line' id='line_1_31' title="bbox 256 2126 1719 2182; baseline -0.003 -13"><span class='ocrx_word' id='word_1_234' title='bbox 256 2142 321 2182; x_wconf 88' lang='grc'>72.</span> <span class='ocrx_word' id='word_1_235' title='bbox 344 2130 442 2181; x_wconf 88' lang='lat'><strong>4-6.</strong></span> <span class='ocrx_word' id='word_1_236' title='bbox 475 2128 548 2168; x_wconf 88' lang='lat' dir='ltr'>Bis</span> <span class='ocrx_word' id='word_1_237' title='bbox 570 2128 646 2168; x_wconf 90' lang='lat' dir='ltr'>hoc</span> <span class='ocrx_word' id='word_1_238' title='bbox 668 2127 852 2168; x_wconf 88' lang='lat' dir='ltr'>scholion</span> <span class='ocrx_word' id='word_1_239' title='bbox 874 2127 1077 2181; x_wconf 84' lang='lat' dir='ltr'>seriptum</span> <span class='ocrx_word' id='word_1_240' title='bbox 1099 2127 1144 2166; x_wconf 92' lang='lat' dir='ltr'>in</span> <span class='ocrx_word' id='word_1_241' title='bbox 1165 2126 1216 2176; x_wconf 89' lang='lat' dir='ltr'>A,</span> <span class='ocrx_word' id='word_1_242' title='bbox 1239 2126 1310 2180; x_wconf 89' lang='lat' dir='ltr'>qui</span> <span class='ocrx_word' id='word_1_243' title='bbox 1333 2126 1419 2166; x_wconf 90' lang='lat' dir='ltr'>loco</span> <span class='ocrx_word' id='word_1_244' title='bbox 1440 2126 1575 2179; x_wconf 87' lang='lat' dir='ltr'>priore</span> <span class='ocrx_word' id='word_1_245' title='bbox 1593 2126 1719 2166; x_wconf 85' lang='lat' dir='ltr'>habet</span> 
     </span>
     <span class='ocr_line' id='line_1_32' title="bbox 197 2194 1716 2248; baseline -0.003 -11"><span class='ocrx_word' id='word_1_246' title='bbox 197 2198 376 2238; x_wconf 84' lang='grc' dir='ltr'>στικτέον</span> <span class='ocrx_word' id='word_1_247' title='bbox 403 2199 443 2237; x_wconf 84' lang='grc' dir='ltr'>δὲ</span> <span class='ocrx_word' id='word_1_248' title='bbox 472 2199 566 2236; x_wconf 81' lang='grc' dir='ltr'>κατὰ</span> <span class='ocrx_word' id='word_1_249' title='bbox 597 2196 640 2236; x_wconf 85' lang='grc' dir='ltr'>τὸ</span> <span class='ocrx_word' id='word_1_250' title='bbox 665 2196 781 2238; x_wconf 86' lang='grc' dir='ltr'>τέλος</span> <span class='ocrx_word' id='word_1_251' title='bbox 805 2199 873 2235; x_wconf 83' lang='grc' dir='ltr'>τοῦ</span> <span class='ocrx_word' id='word_1_252' title='bbox 896 2197 1046 2248; x_wconf 80' lang='grc' dir='ltr'>στίχου·</span> <span class='ocrx_word' id='word_1_253' title='bbox 1090 2196 1272 2246; x_wconf 84' lang='grc' dir='ltr'>περίοδον</span> <span class='ocrx_word' id='word_1_254' title='bbox 1303 2196 1376 2246; x_wconf 79' lang='grc' dir='ltr'>γὰρ</span> <span class='ocrx_word' id='word_1_255' title='bbox 1408 2195 1596 2244; x_wconf 84' lang='grc' dir='ltr'>αὐτοτελῆ</span> <span class='ocrx_word' id='word_1_256' title='bbox 1619 2194 1716 2246; x_wconf 82' lang='grc' dir='ltr'>ἔχει,</span> 
     </span>
     <span class='ocr_line' id='line_1_33' title="bbox 195 2262 1618 2316; baseline -0.002 -11"><span class='ocrx_word' id='word_1_257' title='bbox 195 2266 324 2306; x_wconf 81' lang='lat' dir='ltr'>altero</span> <span class='ocrx_word' id='word_1_258' title='bbox 346 2264 521 2305; x_wconf 87' lang='grc' dir='ltr'>στικτέον</span> <span class='ocrx_word' id='word_1_259' title='bbox 544 2267 639 2304; x_wconf 83' lang='grc' dir='ltr'>κατὰ</span> <span class='ocrx_word' id='word_1_260' title='bbox 661 2263 782 2306; x_wconf 83' lang='grc' dir='ltr'>τέλος·</span> <span class='ocrx_word' id='word_1_261' title='bbox 815 2265 994 2316; x_wconf 84' lang='grc' dir='ltr'>περίοδον</span> <span class='ocrx_word' id='word_1_262' title='bbox 1015 2265 1087 2315; x_wconf 78' lang='grc' dir='ltr'>γὰρ</span> <span class='ocrx_word' id='word_1_263' title='bbox 1109 2263 1299 2312; x_wconf 83' lang='grc' dir='ltr'>αὐτοτελῆ</span> <span class='ocrx_word' id='word_1_264' title='bbox 1323 2264 1343 2302; x_wconf 86' lang='grc' dir='ltr'>ὁ</span> <span class='ocrx_word' id='word_1_265' title='bbox 1367 2263 1501 2315; x_wconf 78' lang='grc' dir='ltr'>στίχος</span> <span class='ocrx_word' id='word_1_266' title='bbox 1525 2262 1618 2314; x_wconf 79' lang='grc' dir='ltr'>ἔχει.</span> 
     </span>
    </p>

    <p class='ocr_par' dir='ltr' id='par_1_15' title="bbox 254 2330 1285 2386">
     <span class='ocr_line' id='line_1_34' title="bbox 254 2330 1285 2386; baseline -0.003 -13"><span class='ocrx_word' id='word_1_267' title='bbox 254 2343 320 2386; x_wconf 88' lang='lat'>74.</span> <span class='ocrx_word' id='word_1_268' title='bbox 342 2346 405 2386; x_wconf 85' lang='lat'><strong>15.</strong></span> <span class='ocrx_word' id='word_1_269' title='bbox 438 2333 540 2372; x_wconf 85' lang='lat' dir='ltr'>Dcle</span> <span class='ocrx_word' id='word_1_270' title='bbox 561 2332 605 2372; x_wconf 86' lang='grc' dir='ltr'>τὸ</span> <span class='ocrx_word' id='word_1_271' title='bbox 627 2331 777 2382; x_wconf 81' lang='grc' dir='ltr'>δέξατο,</span> <span class='ocrx_word' id='word_1_272' title='bbox 800 2332 907 2385; x_wconf 85' lang='lat' dir='ltr'>quod</span> <span class='ocrx_word' id='word_1_273' title='bbox 929 2346 979 2371; x_wconf 83' lang='lat' dir='ltr'>ex</span> <span class='ocrx_word' id='word_1_274' title='bbox 1000 2330 1080 2371; x_wconf 84' lang='lat' dir='ltr'>alio</span> <span class='ocrx_word' id='word_1_275' title='bbox 1106 2330 1285 2384; x_wconf 84' lang='lat' dir='ltr'>irrepsit.</span> 
     </span>
    </p>

    <p class='ocr_par' dir='ltr' id='par_1_16' title="bbox 255 2399 1474 2455">
     <span class='ocr_line' id='line_1_35' title="bbox 255 2399 1474 2455; baseline -0.003 -14"><span class='ocrx_word' id='word_1_276' title='bbox 255 2404 320 2451; x_wconf 79' lang='grc'>84.</span> <span class='ocrx_word' id='word_1_277' title='bbox 347 2414 414 2455; x_wconf 84' lang='lat'>31.</span> <span class='ocrx_word' id='word_1_278' title='bbox 450 2400 503 2439; x_wconf 92' lang='lat' dir='ltr'>In</span> <span class='ocrx_word' id='word_1_279' title='bbox 524 2403 664 2440; x_wconf 87' lang='lat' dir='ltr'>annot.</span> <span class='ocrx_word' id='word_1_280' title='bbox 688 2400 843 2440; x_wconf 73' lang='lat' dir='ltr'>excidit</span> <span class='ocrx_word' id='word_1_281' title='bbox 865 2399 1085 2439; x_wconf 80' lang='lat' dir='ltr'>asteriscus</span> <span class='ocrx_word' id='word_1_282' title='bbox 1106 2402 1203 2438; x_wconf 81' lang='lat' dir='ltr'>ante</span> <span class='ocrx_word' id='word_1_283' title='bbox 1226 2399 1474 2449; x_wconf 88' lang='grc' dir='ltr'>παρίστησιν.</span> 
     </span>
    </p>

    <p class='ocr_par' dir='ltr' id='par_1_17' title="bbox 195 2465 1715 2590">
     <span class='ocr_line' id='line_1_36' title="bbox 254 2465 1715 2523; baseline -0.003 -14"><span class='ocrx_word' id='word_1_284' title='bbox 254 2469 321 2523; x_wconf 87' lang='grc'>85.</span> <span class='ocrx_word' id='word_1_285' title='bbox 350 2482 412 2509; x_wconf 91' lang='grc'>11.</span> <span class='ocrx_word' id='word_1_286' title='bbox 444 2469 557 2508; x_wconf 85' lang='lat' dir='ltr'>Ante</span> <span class='ocrx_word' id='word_1_287' title='bbox 579 2469 680 2520; x_wconf 84' lang='grc' dir='ltr'>ῥῆμα</span> <span class='ocrx_word' id='word_1_288' title='bbox 701 2467 855 2508; x_wconf 85' lang='lat' dir='ltr'>excidit</span> <span class='ocrx_word' id='word_1_289' title='bbox 876 2467 911 2518; x_wconf 84' lang='grc' dir='ltr'>ἤ,</span> <span class='ocrx_word' id='word_1_290' title='bbox 936 2467 1044 2520; x_wconf 90' lang='lat' dir='ltr'>quod</span> <span class='ocrx_word' id='word_1_291' title='bbox 1068 2465 1264 2506; x_wconf 86' lang='lat' dir='ltr'>Lehrsius</span> <span class='ocrx_word' id='word_1_292' title='bbox 1286 2465 1459 2506; x_wconf 84' lang='lat' dir='ltr'>addidit.</span> <span class='ocrx_word' id='word_1_293' title='bbox 1502 2466 1552 2505; x_wconf 92' lang='lat' dir='ltr'>In</span> <span class='ocrx_word' id='word_1_294' title='bbox 1573 2469 1715 2505; x_wconf 75' lang='lat' dir='ltr'>annot.</span> 
     </span>
     <span class='ocr_line' id='line_1_37' title="bbox 195 2537 858 2590; baseline -0.002 -14"><span class='ocrx_word' id='word_1_295' title='bbox 195 2551 268 2590; x_wconf 90' lang='lat' dir='ltr'>pro</span> <span class='ocrx_word' id='word_1_296' title='bbox 291 2540 454 2587; x_wconf 81' lang='grc' dir='ltr'>δηλοῦσι</span> <span class='ocrx_word' id='word_1_297' title='bbox 475 2537 634 2588; x_wconf 75' lang='lat' dir='ltr'>corrige</span> <span class='ocrx_word' id='word_1_298' title='bbox 656 2540 858 2585; x_wconf 83' lang='grc' dir='ltr'>ὃηλοῦσαι.</span> 
     </span>
    </p>

    <p class='ocr_par' dir='ltr' id='par_1_18' title="bbox 192 2600 1716 2792">
     <span class='ocr_line' id='line_1_38' title="bbox 254 2600 1716 2657; baseline -0.003 -13"><span class='ocrx_word' id='word_1_299' title='bbox 254 2605 319 2645; x_wconf 88' lang='grc'><strong><em>86.</em></strong></span> <span class='ocrx_word' id='word_1_300' title='bbox 341 2619 380 2655; x_wconf 86' lang='lat'><strong>4.</strong></span> <span class='ocrx_word' id='word_1_301' title='bbox 413 2605 491 2645; x_wconf 91' lang='lat' dir='ltr'>Pro</span> <span class='ocrx_word' id='word_1_302' title='bbox 516 2604 708 2644; x_wconf 78' lang='lat' dir='ltr'>asterisco</span> <span class='ocrx_word' id='word_1_303' title='bbox 732 2618 837 2657; x_wconf 88' lang='lat' dir='ltr'>pono</span> <span class='ocrx_word' id='word_1_304' title='bbox 859 2605 928 2643; x_wconf 86' lang='grc' dir='ltr'>ὅτι.</span> <span class='ocrx_word' id='word_1_305' title='bbox 991 2602 1054 2643; x_wconf 88' lang='lat' dir='ltr'>Ib.</span> <span class='ocrx_word' id='word_1_306' title='bbox 1077 2602 1150 2642; x_wconf 90' lang='lat' dir='ltr'>lin.</span> <span class='ocrx_word' id='word_1_307' title='bbox 1179 2602 1228 2642; x_wconf 90' lang='lat'>18</span> <span class='ocrx_word' id='word_1_308' title='bbox 1255 2603 1473 2653; x_wconf 86' lang='grc' dir='ltr'>κοινότερον</span> <span class='ocrx_word' id='word_1_309' title='bbox 1494 2600 1716 2641; x_wconf 87' lang='lat' dir='ltr'>Villoisoni</span> 
     </span>
     <span class='ocr_line' id='line_1_39' title="bbox 192 2669 1715 2725; baseline -0.001 -14"><span class='ocrx_word' id='word_1_310' title='bbox 192 2672 457 2725; x_wconf 86' lang='lat' dir='ltr'>interpolatio</span> <span class='ocrx_word' id='word_1_311' title='bbox 479 2676 541 2713; x_wconf 86' lang='lat' dir='ltr'>est</span> <span class='ocrx_word' id='word_1_312' title='bbox 563 2687 636 2725; x_wconf 87' lang='lat' dir='ltr'>pro</span> <span class='ocrx_word' id='word_1_313' title='bbox 659 2672 926 2724; x_wconf 86' lang='grc' dir='ltr'>κυμικώτερον,</span> <span class='ocrx_word' id='word_1_314' title='bbox 950 2685 1023 2724; x_wconf 89' lang='lat' dir='ltr'>pro</span> <span class='ocrx_word' id='word_1_315' title='bbox 1054 2684 1134 2724; x_wconf 89' lang='lat' dir='ltr'>quo</span> <span class='ocrx_word' id='word_1_316' title='bbox 1164 2673 1271 2711; x_wconf 88' lang='lat' dir='ltr'>recte</span> <span class='ocrx_word' id='word_1_317' title='bbox 1294 2669 1511 2710; x_wconf 85' lang='lat' dir='ltr'>Bekkerus</span> <span class='ocrx_word' id='word_1_318' title='bbox 1544 2670 1715 2720; x_wconf 86' lang='grc' dir='ltr'>κωμικώ-</span> 
     </span>
     <span class='ocr_line' id='line_1_40' title="bbox 195 2757 320 2792; baseline 0 -12"><span class='ocrx_word' id='word_1_319' title='bbox 195 2757 320 2792; x_wconf 85' lang='grc' dir='ltr'>τερον.</span> 
     </span>
    </p>

    <p class='ocr_par' dir='ltr' id='par_1_19' title="bbox 254 2808 1099 2863">
     <span class='ocr_line' id='line_1_41' title="bbox 254 2808 1099 2863; baseline 0 -16"><span class='ocrx_word' id='word_1_320' title='bbox 254 2808 319 2860; x_wconf 82' lang='lat'><strong>87.</strong></span> <span class='ocrx_word' id='word_1_321' title='bbox 338 2822 375 2863; x_wconf 80' lang='lat'><strong>3.</strong></span> <span class='ocrx_word' id='word_1_322' title='bbox 408 2809 645 2863; x_wconf 86' lang='grc' dir='ltr'>συνδέσμον]</span> <span class='ocrx_word' id='word_1_323' title='bbox 671 2809 844 2862; x_wconf 82' lang='lat' dir='ltr'>Corrige</span> <span class='ocrx_word' id='word_1_324' title='bbox 867 2808 1099 2859; x_wconf 87' lang='grc' dir='ltr'>συνδέσμου.</span> 
     </span>
    </p>

    <p class='ocr_par' dir='ltr' id='par_1_20' title="bbox 196 2871 1715 2983">
     <span class='ocr_line' id='line_1_42' title="bbox 253 2871 1715 2931; baseline -0.003 -15"><span class='ocrx_word' id='word_1_325' title='bbox 253 2876 320 2916; x_wconf 88' lang='grc'><strong><em>88.</em></strong></span> <span class='ocrx_word' id='word_1_326' title='bbox 347 2889 409 2925; x_wconf 89' lang='lat'>12,</span> <span class='ocrx_word' id='word_1_327' title='bbox 439 2891 500 2931; x_wconf 84' lang='lat'><strong>13.</strong></span> <span class='ocrx_word' id='word_1_328' title='bbox 535 2877 626 2917; x_wconf 93' lang='lat' dir='ltr'>Hoc</span> <span class='ocrx_word' id='word_1_329' title='bbox 652 2877 837 2918; x_wconf 83' lang='lat' dir='ltr'>scholion</span> <span class='ocrx_word' id='word_1_330' title='bbox 859 2877 1000 2917; x_wconf 85' lang='lat' dir='ltr'>subter</span> <span class='ocrx_word' id='word_1_331' title='bbox 1021 2890 1184 2915; x_wconf 85' lang='lat' dir='ltr'>versum</span> <span class='ocrx_word' id='word_1_332' title='bbox 1206 2875 1419 2928; x_wconf 85' lang='lat' dir='ltr'>scriptum,</span> <span class='ocrx_word' id='word_1_333' title='bbox 1444 2873 1514 2927; x_wconf 85' lang='lat' dir='ltr'>qui</span> <span class='ocrx_word' id='word_1_334' title='bbox 1538 2871 1715 2926; x_wconf 80' lang='lat' dir='ltr'>paginae</span> 
     </span>
     <span class='ocr_line' id='line_1_43' title="bbox 196 2942 462 2983; baseline 0.008 -2"><span class='ocrx_word' id='word_1_335' title='bbox 196 2942 369 2982; x_wconf 85' lang='lat' dir='ltr'>ultimus</span> <span class='ocrx_word' id='word_1_336' title='bbox 390 2949 462 2983; x_wconf 80' lang='lat' dir='ltr'>est.</span> 
     </span>
    </p>
   </div>
  </div>
 </body>
</html>
