1974 3305
285 129 370 168 324
815 134 1037 171 IAIAAOE
1080 135 1127 171 A.
1170 132 1282 184 (11)

346 242 442 286 513.
476 230 610 288 κόπτε]
636 231 781 282 ἔπληξε
898 243 994 286 515.
1027 231 1104 273 οὐδ’
1128 230 1420 289 ἀλαοσκοπιήν]
1445 232 1512 273 οὐκ
1533 233 1674 274 ἔλαθεν
1695 233 1812 274 αὐτόν

345 300 441 353 516.
476 299 668 357 ἕπουσαν]
692 302 930 354 ἐνεργοῦσαν

346 379 443 419 521.
476 368 758 426 ἀσπαίροντας]
784 373 1133 423 ψυχορραγοῦντας

344 438 389 477 ἐν
410 437 627 492 ἀργαλέῃσι
649 436 840 495 φονῇσιν]
864 442 943 481 τοῖς
963 440 1095 480 τόποις
1115 439 1157 478 ἐν
1177 437 1234 480 οἷς
1255 437 1400 478 ἔκειντο
1422 438 1458 478 οἱ
1478 438 1607 489 νεκροί

344 515 442 556 522.
474 505 683 564 ὀνόμηνεν]
708 507 755 557 ἐξ
773 509 964 555 ὀνόματος
985 506 1173 548 ἐκάλεσεν
1830 519 1852 556 5

340 583 436 628 523.
471 573 667 632 κυδοιμός]
691 578 858 628 θόρυβος

344 651 442 693 524.
475 645 670 684 θυνόντων
691 642 844 700 ἄμυδις]
869 645 965 694 ὁμοῦ
987 646 1041 686 εἷς
1062 644 1129 685 τὸν
1150 644 1269 684 αὐτὸν
1289 646 1410 684 τόπον
1431 644 1638 697 ὁρμώντων

344 713 504 760 θηεῦντο
527 713 567 751 δὲ
588 711 756 763 μέρμερα
777 710 890 768 ἔργα]
913 713 1011 762 μετὰ
1032 713 1224 763 θαύματος
1246 713 1433 762 ἐθεώρουν

343 778 441 829 526.
475 777 642 835 σκοπὸν]
667 779 916 819 κατάσκοπον
1090 788 1186 831 527.
1219 777 1345 835 ἔρυξε]
1371 778 1540 831 κατέσχε

342 854 439 900 533.
472 850 621 897 πρῶτος
653 848 795 887 κτύπον
826 845 906 903 ἄϊε]
945 849 965 887 ὁ
996 848 1037 887 δὲ
1074 848 1241 898 Νέστωρ
1274 851 1423 899 πρῶτος
1458 851 1526 888 τοῦ
1558 848 1696 900 ψόφου
1735 851 1811 889 τῶν
1832 861 1882 887 10

282 916 413 954 ποδῶν
431 913 574 970 ᾔσθετο

340 990 437 1036 535.
471 982 572 1034 ἀμφὶ
595 981 810 1039 κτύπος--]
830 984 1064 1035 προσπίπτει
1084 984 1130 1040 τῇ
1151 984 1247 1040 ἀκοῇ
1272 986 1291 1024 ὁ
1312 984 1408 1038 ἦχος

340 1059 436 1104 537.
469 1049 704 1107 ἐλασαίατο]
729 1052 969 1102 ἀπηλακότες
991 1053 1066 1093 εἶεν
1240 1053 1337 1107 538.
1370 1050 1503 1109 αἰνῶς]
1528 1053 1620 1093 λίαν
1640 1052 1741 1093 πάνυ

342 1127 438 1173 539.
472 1117 712 1175 ὀρυμαγδοῦ]
741 1122 807 1160 νῦν
827 1124 895 1160 τοῦ
916 1120 1091 1171 πλήθους
1241 1121 1338 1172 546.
1372 1118 1660 1176 ἀντιβολήσας]
1686 1121 1809 1160 ἀπαν-

281 1186 402 1237 τήσας
1832 1198 1879 1236 15

339 1255 437 1307 558.
471 1255 676 1313 νεήλυδες]
702 1258 842 1298 νεωστὶ
863 1259 1099 1309 ἐληλυθότες
1262 1255 1463 1314 ἐρεείνεις]
1487 1258 1642 1307 περιιὼν
1664 1258 1811 1311 ἐρωτᾷς

338 1333 437 1376 559.
469 1324 538 1365 τὸν
559 1325 603 1365 δέ
623 1323 741 1382 σφιν]
767 1327 852 1366 ἀντὶ
873 1330 940 1366 τοῦ
963 1327 1081 1367 αὐτόν
1211 1326 1308 1377 562.
1332 1324 1538 1382 διοπτῆρα]
1564 1325 1811 1366 κατάσκοπον

339 1393 437 1445 569.
468 1394 654 1444 μελιηδέα
675 1392 815 1451 πυρὸν]
839 1396 928 1446 ἡδὺς
951 1395 1117 1447 ἀνθηρὸν
1139 1398 1250 1435 σῖτον

339 1469 436 1513 570.
469 1459 551 1518 νηΐ]
576 1463 661 1502 ἀντὶ
683 1466 752 1502 τοῦ
773 1464 870 1505 νεώς
1044 1472 1141 1517 573-
1175 1461 1323 1519 λόφον]
1349 1463 1507 1516 αὐχένα,
1530 1462 1729 1516 τράχηλον

334 1530 436 1581 576.
470 1529 726 1587 ἀσαμίνθους]
751 1531 930 1581 πυέλους,
953 1531 1056 1583 παρὰ
1087 1531 1131 1571 τὸ
1162 1531 1231 1581 τὴν
1262 1531 1377 1582 ἄσην,
1409 1532 1431 1570 ὅ
1460 1532 1546 1571 ἐστι
1577 1531 1644 1572 τὸν
1672 1532 1807 1583 ῥύπον,
1831 1540 1881 1565 20

280 1599 453 1649 μινύθειν
475 1597 537 1638 καὶ
557 1602 692 1648 μειοῦν

338 1675 436 1718 577.
467 1664 570 1723 λίπ’]
594 1672 744 1722 λιπαρῷ
921 1667 1018 1719 578.
1053 1664 1298 1722 ἐφιζανέτην]
1322 1666 1578 1717 παρεκάθιζον

337 1743 434 1786 579.
466 1733 625 1791 πλείου]
649 1737 838 1787 γέμοντος

922 1857 970 1895 Λ.
1035 1858 1048 1907 ζ
1073 1856 1121 1894 11
1147 1856 1158 1908 )

338 1954 376 1995 3.
409 1939 618 1997 προΐαλλε]
644 1940 890 1982 ἀπέστελλεν
1830 1948 1878 1985 25

337 2009 524 2059 πολέμοιο
545 2006 674 2064 τέρας]
698 2010 1011 2061 περιφραστικῶς
1031 2009 1076 2049 τὸ
1098 2008 1285 2060 πολέμοιο
1308 2011 1414 2059 σῆμα

337 2079 375 2117 6.
407 2075 648 2133 γεγωνέμεν]
672 2080 775 2128 βοᾶν
954 2086 1017 2128 15.
1049 2075 1284 2133 ζώννυσθαι]
1310 2077 1611 2126 καθοπλίζεσθαι

341 2146 404 2186 16.
437 2143 610 2202 νώροπα]
634 2146 815 2197 λαμπρόν
992 2158 1056 2187 21.
1090 2143 1276 2202 πεύθετο]
1303 2145 1463 2196 ἠκούετο

338 2226 402 2264 24.
436 2211 557 2269 οἶμοι]
580 2217 874 2264 μεταληπτικῶς
895 2214 978 2254 ἀντὶ
999 2217 1066 2254 τοῦ
1087 2214 1231 2265 ῥάβδος

337 2280 511 2338 κυάνοιο]
534 2284 717 2333 μέλανος,
742 2286 1053 2333 καταπληκτικοῦ
1827 2299 1876 2334 30

336 2350 403 2391 26.
436 2348 676 2406 ὀρωρέχατο]
701 2349 926 2401 ἐξετέταντο
1104 2360 1171 2402 27.
1202 2348 1370 2406 ἴρισσιν]
1394 2353 1477 2392 ταῖς
1499 2350 1541 2390 ἐν
1561 2351 1613 2404 τῷ
1634 2349 1781 2404 οὐρανῷ

334 2432 401 2472 31.
433 2417 710 2475 ἀορτήρεσσιν]
735 2423 815 2462 τοῖς
836 2420 1077 2471 ἀπαιωροῦσι
1099 2421 1143 2459 τὸ
1165 2418 1280 2469 ξίφος
1304 2420 1412 2468 ἱμᾶσι

335 2499 402 2542 32.
436 2484 585 2543 θοῦριν]
609 2487 838 2538 πολεμικὴν,
862 2487 1059 2536 εὐκίνητον
1082 2487 1143 2527 καὶ
1165 2488 1315 2539 κούφην
1335 2487 1387 2540 τῷ
1411 2489 1600 2539 φοροῦντι

336 2556 404 2610 36.
436 2553 709 2611 βλοσυρῶπις]
734 2555 1078 2606 παρασκευαστικὴ
1103 2557 1229 2607 φυγῆς
1249 2558 1325 2595 τῶν
1346 2555 1524 2606 ὁρώντων

331 2636 401 2674 44.
433 2622 498 2664 ἀπ’
522 2621 707 2680 αὐτόφιν]
732 2623 797 2664 ἀπ’
821 2624 945 2663 αὐτῶν
1117 2631 1187 2674 45.
1221 2621 1487 2679 ἐγδούπησαν]
1507 2623 1804 2675 ἐπεβρόντησαν
1826 2636 1874 2674 35

332 2704 401 2743 49.
434 2690 616 2748 πρυλέες]
640 2692 745 2740 πεζοὶ
767 2693 924 2731 ὁπλῖται

334 2770 402 2811 50.
434 2758 590 2817 ῥώοντ’]
615 2762 751 2812 ὥρμων
906 2760 1001 2810 ἠῶθι
1021 2758 1115 2816 πρό]
1142 2759 1217 2811 πρὸ
1238 2762 1303 2810 τῆς
1325 2761 1530 2809 ἀνατολῆς,
1552 2760 1642 2810 πρὶν
1662 2760 1804 2812 ἡμέρας

334 2837 401 2879 51.
434 2827 559 2885 φθὰν]
584 2829 810 2880 προέλαβον
830 2828 916 2869 τοὺς
940 2829 1070 2872 ἱππεῖς
1187 2837 1254 2879 52.
1288 2826 1536 2884 μετεκίαθον]
1560 2827 1642 2878 μετ’
1666 2828 1804 2870 αὐτοὺς

274 2896 397 2946 ἦλθον

335 2973 401 3014 54.
433 2963 645 3021 μυδαλέας]
672 2965 906 3018 διαβρόχους
1082 2965 1148 3015 56.
1183 2963 1369 3021 θρωσμῷ]
1395 2965 1511 3006 τόπος
1536 2965 1689 3015 ὑψηλός
1824 2978 1875 3011 40
