1974 3305
812 151 1120 192 ADDENDA.
1640 155 1721 194 385

259 255 325 295 88.
357 267 415 297 ¹2.
448 255 510 296 ἐπὶ
530 258 606 296 τῶν
630 251 841 311 ἐμψύχων]
865 253 960 294 *ἐπὶ
983 255 1185 307 ἐμψύχων.

258 337 324 377 91.
350 336 416 365 2ο.
449 321 653 379 στρατεία]
678 321 850 376 Corrige
873 322 1036 374 στρατιά
1057 336 1107 362 ex
1128 322 1295 363 scholiis
1316 323 1558 365 minoribus.

198 428 204 433 .
257 404 324 443 91.
355 404 419 434 22.
452 391 648 434 δειλωθεὶς
668 405 742 444 pro
763 379 869 440 δηλῶ
901 389 1066 443 scripsit
1097 390 1366 432 Villoisonus.
1427 392 1617 433 Praestat
1647 396 1723 434 δει-

197 460 364 508 λανθείς,
404 459 515 514 quod
554 459 600 499 in
639 459 829 513 margine
871 458 1074 512 scriptum
1115 473 1201 499 esse
1242 463 1421 501 testatur
1461 460 1629 501 Bastius
1669 460 1721 501 ad

198 527 373 581 Gregor.
397 527 491 568 Cor.
512 542 552 581 p.
577 526 672 568 820.

253 610 320 651 93.
348 609 412 648 14.
443 595 517 648 ῥέω
539 593 633 652 ἔρω]
659 594 760 636 Cod.
783 595 938 635 Townl.
961 596 1059 647 ῥέων
1083 594 1273 649 Ἀχέρων.

252 679 319 719 93.
347 676 411 718 17.
444 664 497 705 In
518 669 660 705 annot.
683 664 903 705 asteriscus
935 679 1017 704 non
1049 668 1145 705 ante
1168 664 1398 716 Ὀδυσσεύς,
1422 666 1491 706 sed
1522 667 1618 706 ante
1640 664 1720 717 μετ’

192 732 417 776 Ὀδυσσέως
438 735 632 786 ponatur.

251 811 318 855 95.
344 801 409 842 28.
443 802 496 842 In
516 805 658 842 annot.
687 802 759 842 lin.
785 814 808 842 2
831 816 904 855 pro
928 808 950 823 ‘⁶
967 802 1065 842 haec
1089 803 1124 842 B
1141 801 1164 818 '⁵
1186 802 1345 857 corrige
1368 802 1441 842 “B
1466 801 1606 843 haec.”

250 883 316 923 99.
345 882 406 925 15.
439 870 705 926 κατειθισμένῃ
734 870 875 924 scripsi
905 885 978 924 pro
1001 871 1270 922 κατηθισμένῃ.
1333 871 1451 911 Conf.
1484 871 1536 911 ad
1558 886 1596 925 p.
1626 883 1716 919 122,

193 950 259 993 23.
285 948 378 992 259,
407 952 468 981 12.

254 1020 344 1048 100.
373 1021 435 1058 14.
469 1009 522 1048 *ὁ
552 1007 702 1060 δράκων
732 1007 900 1059 Ἀθηνᾶς
933 1006 1050 1064 ἱερός]
1089 1022 1167 1048 om.
1199 1009 1250 1057 A,
1285 1008 1327 1048 in
1364 1023 1443 1061 quo
1475 1007 1626 1048 lemma
1657 1011 1720 1048 est

190 1079 409 1127 στρουθοῖο.
597 1076 664 1116 16.
710 1077 771 1116 καὶ
794 1077 861 1130 τὸ]
883 1077 959 1117 ὅτε.

250 1156 342 1198 113.
367 1144 408 1185 6.
440 1144 561 1185 Addo
583 1150 727 1185 annot.
751 1145 778 1170 ÷÷
801 1142 864 1202 ἐν]
891 1147 950 1186 ἐπ’

250 1225 340 1267 113.
368 1222 430 1265 17.
463 1211 687 1270 ὀκνήσασα]
724 1214 998 1253 Scribcndum
1036 1212 1258 1261 ὀκλάσασα,
1290 1213 1399 1267 quod
1431 1213 1536 1267 legit
1566 1213 1718 1253 Tzetza

188 1280 301 1321 Hist.
329 1295 391 1331 10,
417 1295 512 1337 399,
535 1282 605 1335 qui
628 1282 816 1336 optativo
840 1283 975 1322 utitur
996 1281 1219 1323 ὀκλάσειεν.
1268 1281 1440 1322 Monuit
1464 1282 1714 1331 Hercherus,

186 1349 349 1390 Hermes
376 1350 481 1405 1873
504 1365 543 1404 p.
567 1350 664 1402 468.

247 1431 260 1457 1
277 1431 338 1468 14.
366 1418 430 1458 16.
465 1419 518 1458 In
540 1423 680 1459 annot.
702 1433 775 1472 pro
800 1424 822 1441 “
839 1418 886 1458 fr.
917 1431 964 1458 12
983 1418 1004 1435 '³
1028 1417 1188 1471 corrige
1212 1423 1234 1440 “
1250 1418 1297 1458 fr.
1327 1418 1453 1471 129.'’

247 1498 339 1539 117.
363 1502 401 1542 9.
434 1488 456 1538 ἡ
480 1485 619 1544 διπλῆ]
654 1486 854 1528 Deleatur
882 1487 948 1528 hic
970 1490 1012 1528 et
1034 1502 1072 1540 p.
1102 1500 1195 1541 139,
1220 1499 1287 1528 20.
1314 1498 1407 1541 225,
1432 1500 1500 1542 30.
1526 1487 1620 1538 228,
1646 1500 1713 1529 21.

184 1566 280 1610 337,
309 1565 372 1607 15.
395 1556 632 1610 pariterque
654 1557 676 1607 ἡ
700 1559 818 1607 διπλῆ
840 1556 1140 1608 περιεστιγμένη
1162 1571 1201 1610 p.
1232 1569 1246 1596 1
1260 1556 1326 1605 26,
1356 1569 1419 1609 19.

247 1623 337 1664 118.
366 1637 428 1664 10.
462 1625 595 1671 ἄνδρες
631 1625 667 1665 οἳ
701 1626 898 1678 ναίουσιν]
936 1625 1065 1665 Recte
1099 1623 1207 1678 apud
1244 1624 1346 1664 alios
1380 1624 1599 1678 scriptores
1636 1625 1713 1665 hoc

181 1692 392 1732 oraculum
422 1697 699 1733 memorantes
730 1694 866 1744 ἄνδρες
897 1693 930 1733 δ’
963 1693 999 1733 οἳ
1030 1694 1234 1733 πίνουσιν;
1269 1708 1307 1733 v.
1331 1692 1520 1734 Meinek.
1544 1693 1585 1733 V
1588 1693 1711 1735 indic.

183 1760 376 1801 Strabon.
398 1775 438 1815 p.
465 1771 558 1813 170.

235 1829 291 1870 ib.
314 1827 370 1887 οἳ]
394 1829 447 1870 In
470 1829 630 1870 Veneto
653 1830 688 1869 B
710 1833 772 1870 est
795 1829 1026 1882 ὃουρεμάχοι
1048 1829 1153 1882 (sic).

244 1911 334 1941 122.
360 1911 426 1953 23.
461 1899 513 1938 In
534 1901 676 1939 annot.
700 1896 982 1952 κατῃθισμένῃ]
1005 1897 1181 1951 Corrige
1204 1899 1479 1954 κατηθισμένῃ.

244 1979 334 2017 124.
360 1977 396 2019 7.
430 1964 648 2023 Σοφοκλεῖ]
673 1965 860 2020 Respicit
892 1965 1064 2006 fortasse
1093 1966 1144 2005 ad
1177 1965 1280 2006 Oed.
1303 1966 1392 2007 Col.
1418 1967 1499 2018 718
1522 1971 1598 2007 τῶν
1621 1969 1708 2008 ἑκα-

179 2037 385 2084 τομπόδων
407 2035 597 2091 Νηρῄδων
618 2036 844 2078 ἀκόλουθος.

242 2116 333 2154 124.
362 2117 424 2154 14.
465 2101 710 2161 “Ηρακλείῃ]
754 2103 872 2145 Idem
914 2117 1024 2144 error
1066 2103 1266 2144 Zenodoti
1308 2107 1479 2144 notatur
1519 2104 1628 2145 infra
1669 2120 1707 2159 p.

182 2172 274 2219 218,
298 2185 338 2223 4.

240 2253 332 2295 132.
347 2253 415 2296 31.
438 2241 482 2281 τὸ
496 2239 632 2298 αὐτοῦ]
650 2240 838 2281 Recte'ro
857 2249 882 2281 οῖ
900 2245 967 2281 τοῦ
986 2240 1186 2281 Lcntzius
1205 2240 1431 2281 Herodian.
1448 2241 1530 2282 vol.
1553 2254 1572 2282 2
1590 2241 1706 2296 p.38.

242 2322 332 2363 ¹33·
359 2321 393 2349 1.
426 2309 480 2349 In
502 2309 540 2349 A
563 2314 627 2350 est
649 2310 760 2350 inter
780 2309 1034 2364 glossemata
1057 2309 1349 2351 interlinearia.

240 2391 332 2433 133.
361 2391 423 2419 ΙΙ.
454 2378 548 2431 πρὸς
564 2381 612 2419 τὰ
628 2379 714 2431 περὶ
737 2376 1027 2435 Πυλαιμένους]
1052 2378 1104 2418 In
1126 2382 1267 2419 annot.
1285 2377 1401 2427 adde,
1420 2377 1545 2419 schol.
1564 2391 1603 2428 4.
1624 2388 1704 2432 295

176 2446 256 2486 vol.
283 2460 299 2486 1
327 2461 365 2500 p.
394 2446 484 2497 184,
512 2460 547 2487 1.
579 2457 722 2500 15,15
745 2447 827 2487 vol.
853 2458 876 2486 2
903 2461 941 2500 p.
968 2446 1033 2495 82,
1058 2447 1097 2486 6.

239 2524 330 2570 135.
361 2516 422 2556 16.
453 2514 546 2555 Hoc
567 2515 750 2556 scholion
776 2514 1019 2569 compilavit
1047 2514 1190 2569 Etym.
1213 2514 1276 2555 M.
1303 2529 1341 2568 p.
1373 2524 1463 2566 172,
1489 2527 1525 2564 2,
1553 2514 1603 2555 de
1623 2529 1704 2569 quo

175 2581 283 2623 dixit
304 2583 474 2623 Bastius
494 2582 547 2623 ad
569 2584 744 2637 Gregor.
768 2583 860 2624 Cor.
882 2598 923 2637 p.
950 2584 1043 2634 346.

239 2651 329 2707 138.
352 2665 392 2702 4.
423 2650 446 2703 ἢ
467 2656 548 2694 τοῖς
569 2649 677 2709 ἑξῆς]
703 2651 822 2693 Conf.
845 2667 884 2706 p.
914 2661 1008 2705 154,
1036 2660 1098 2704 15.

238 2719 329 2774 138.
352 2728 390 2772 5.
424 2719 545 2761 Adde
561 2720 875 2761 annotationem
897 2731 923 2774 5
946 2723 964 2743 *
980 2720 1142 2775 μεγάλῳ
1163 2718 1246 2775 <qim
1268 2717 1480 2776 ἐπιτυχών]
1505 2733 1585 2760 om.

235 2800 329 2839 142.
354 2787 392 2830 8.
426 2788 480 2829 In
501 2792 642 2829 annot.
664 2803 738 2842 pro
765 2794 788 2812 “
804 2789 950 2840 νικήσει
967 2788 989 2804 ”
1010 2788 1102 2842 leg-e
1126 2793 1149 2809 “
1166 2787 1316 2837 νικήσει
1338 2787 1595 2828 Bekkerus.”

235 2868 328 2906 144.
351 2856 389 2896 6.
422 2858 521 2897 οὕτω
543 2855 694 2914 γάλως]
719 2859 816 2898 οὕτω
841 2857 902 2898 καὶ
926 2857 1058 2909 γάλως
1078 2855 1327 2896 Eustathius
1348 2859 1469 2897 recte.

236 2923 327 2974 148.
345 2935 411 2976 27.
426 2926 665 2977 ψευδόμενοί
676 2942 722 2967 σε
741 2924 971 2979 Παλαῖμον]
989 2922 1232 2964 Callimachi
1245 2924 1387 2965 verba:
1406 2939 1444 2965 v.
1462 2923 1698 2968 Schneider.

174 2992 225 3032 ad
247 2991 414 3047 Fragm.
437 3008 476 3048 p.
501 3005 595 3049 273.
1119 2994 1121 2997 ⁴

231 3072 324 3102 VOL.
349 3073 397 3102 11.
944 3074 964 3101 c
988 3076 1007 3101 c
