1974 3305
224 267 241 295 I
279 284 288 294 .

247 268 288 365 4.
321 324 457 366 ἐνθάδε
479 324 598 377 ἔρρων

223 404 290 447 23.

223 470 290 512 27.

108 1355 206 1398 321.
258 1357 294 1385 1.

284 1445 292 1454 .
325 1414 452 1454 σόωσι
474 1413 554 1454 θεοὶ
586 1413 647 1454 καὶ
671 1411 791 1454 οἴκαδ’
815 1414 904 1452 ἵκω-

226 1549 290 1590 16.

225 1630 292 1660 21.

108 1765 206 1813 322.
258 1766 294 1794 1.

226 1834 291 1864 12.

227 1900 294 1942 27.

227 2038 294 2079 29.

233 2107 298 2146 14·

228 2175 296 2206 22.

228 2232 296 2275 26.

114 2107 211 2150 323·

229 2368 297 2411 28.

228 2517 278 2561 31

112 2585 210 2630 324.
253 2572 293 2616 8.

113 2710 299 2766 325.16.

230 2790 299 2833 23.

232 2857 285 2899 29

116 2914 213 2970 326.
265 2926 301 2954 1.

261 2995 299 3036 3.

725 156 951 195 ιΛΙΑΔοΣ
992 156 1023 193 1.
1064 154 1148 208 (9)

317 256 426 308 μάλα
445 255 576 297 πολλά
596 270 675 297 om.

322 392 463 444 ἄξομαι

322 462 359 501 εἴ
395 459 480 501 τινά
522 477 595 501 που
637 462 808 500 Δαναῶν
845 459 899 498 ἔτι

366 528 526 569 ἔλπεται

282 629 290 638 .
322 595 535 648 ἐπιειμένος
555 611 636 637 om.

107 676 204 719 320.
258 677 293 705 1.

327 665 368 705 ἐκ
399 665 474 717 γὰρ
496 664 542 716 δή
567 664 604 715 μ’
628 664 807 714 ἀπάτησε
840 663 902 704 καὶ

363 732 500 783 ἤλιτον

280 832 289 842 .
323 801 444 854 ἐχθρὰ
484 800 526 841 δέ
567 818 632 852 μοι
673 804 740 840 τοῦ
785 803 899 851 δῶρα,

365 870 434 910 τίω
457 869 500 910 δέ
520 886 587 920 μιν
609 871 652 910 ἐν
676 869 790 920 καρός

282 969 290 978 .
323 937 402 978 οὐδ’
431 939 466 978 εἴ
491 954 557 987 μοι
586 936 736 979 δεκάκις
767 953 808 977 τε
841 936 903 976 καὶ

368 1006 561 1048 εἰκοσάκις

353 1075 370 1114 ἵ
390 1073 425 1114 θ’
454 1076 464 1089 ‘
555 1076 564 1088 '
646 1079 672 1114 λ

283 1106 290 1114 .
327 1091 350 1114 α
448 1091 644 1125 εκατομπυ
675 1091 711 1114 οι

324 1138 402 1180 οὐδ’
426 1141 461 1180 εἴ
476 1156 543 1191 μοι
563 1141 691 1180 τόσσα
712 1140 795 1188 δοίη

283 1239 290 1248 .
325 1208 467 1259 κούρην
492 1208 527 1248 δ’
552 1208 597 1248 οὐ
627 1207 759 1259 γαμέω
779 1205 903 1259 Ἀγα-

364 1276 554 1327 μέμνονος
572 1275 776 1327 Ἀτρείδαο

326 1344 434 1388 ὅστις
455 1346 496 1385 οἵ
513 1343 546 1384 τ’
569 1345 721 1385 ἐπέοικε

368 1498 440 1532 μαι

324 1548 498 1590 Lemma
518 1563 598 1591 om.

323 1620 470 1659 πολλαὶ
491 1617 690 1672 Ἀχαιΐδες
722 1618 822 1658 εἰσὶν
849 1616 905 1658 ἀν’

365 1685 547 1727 Ἑλλάδα
567 1702 610 1727 τε
631 1687 758 1737 Φθίην
778 1703 820 1726 τε

327 1756 377 1795 τὰ
397 1754 522 1807 γέρων

323 1822 403 1864 οὐδ’
423 1823 501 1864 ὅσα
520 1822 653 1865 λάϊνος

329 1890 414 1932 ἐπεὶ
473 1891 520 1941 ἄρ
579 1907 645 1932 κεν
696 1891 908 1943 ἀμείψεται

369 1958 480 2010 ἕρκος
502 1960 672 2000 ὀδόντων

329 2027 490 2068 ἔσσεται

329 2097 450 2146 μῦθον
471 2095 745 2147 ἀγασσάμενοι

328 2164 460 2215 μύθων
483 2180 525 2205 τε
545 2165 675 2216 ῥητῆρ’
697 2163 829 2215 ἔμεναι

327 2233 449 2285 γῆρας
511 2230 713 2282 ἀποξύσας
774 2230 910 2282 θήσειν

371 2301 462 2342 νέον
482 2301 666 2352 ἡβώοντα

329 2369 413 2411 οἷον
465 2369 531 2410 ὅτε
584 2371 737 2420 πρῶτον
792 2368 911 2408 λίπον

369 2436 552 2478 Ἑλλάδα
573 2436 860 2497 καλλιγύναικα

329 2505 490 2558 φεύγων
509 2505 638 2546 νείκεα

326 2574 369 2617 ὅς
392 2590 458 2625 μοι
487 2573 727 2615 παλλακίδος
745 2572 911 2626 περιχώ-

375 2658 474 2682 σατο

326 2714 402 2762 πῦρ
423 2712 556 2761 ἕτερον
575 2709 649 2759 μὲν
663 2707 728 2750 ὑπ’
746 2708 911 2763 αἰθούσῃ

331 2778 432 2819 ἄλλο
454 2775 487 2817 δ’
510 2777 565 2818 ε’νὶ
586 2778 768 2831 προδόμῳ

332 2844 382 2886 δι’
407 2844 605 2887 Ἑλλάδος
627 2845 855 2898 εὐρυχόροιο

335 2913 401 2954 καί
417 2911 459 2964 μ’
482 2911 645 2965 ἐφίλησ’

331 2985 486 3033 μοῦνον,
509 2981 724 3033 τηλύγετον

968 538 1066 583 327.

1112 267 1150 307 9.

1087 336 1151 378 13.

1086 404 1152 444 29.

1085 539 1152 579 29.

1084 607 1152 650 31.

970 663 1066 719 328.
1115 677 1154 718 3.

1114 733 1153 773 6.

1087 812 1153 855 23.

1092 882 1155 924 13.

1087 949 1153 979 22.

1086 1018 1153 1061 23.

1088 1087 1154 1127 29.

972 1156 1068 1198 330.
1117 1143 1155 1184 8.

1092 1224 1155 1252 11.

1092 1293 1156 1335 13.

970 882 1068 924 329·

1090 1419 1157 1461 31.

974 1486 1158 1530 332.23.

975 1556 1073 1598 333.
1125 1556 1160 1584 1.

1095 1621 1157 1664 17.

1093 1691 1158 1721 21.

1093 1828 1160 1869 29.

977 1898 1074 1940 334·
1126 1897 1161 1926 1·

1093 1966 1160 2008 29.

977 2099 1074 2145 335·
1123 2103 1162 2145 3·

1097 2171 1160 2198 10.

1096 2238 1162 2267 12.

1097 2295 1161 2336 18.

981 2579 1078 2625 337-
1129 2577 1166 2619 7·

983 2842 1080 2899 338.
1127 2850 1167 2894 5.

1098 2922 1162 2961 14.

1681 152 1766 193 359

1185 256 1251 296 καί
1272 272 1319 296 σε
1339 259 1531 296 τοσοῦτον

1184 324 1289 377 ὄψου
1311 325 1435 375 άσαιμ

1186 392 1248 432 καὶ
1270 391 1344 444 γάρ
1369 408 1411 432 τε
1433 393 1552 433 Λιταί
1571 392 1648 432 εἶσι
1670 390 1766 433 Διὸς

1199 464 1331 511 κοῦραι

1184 527 1325 579 ἄνδρας
1346 530 1387 569 δὲ
1409 529 1623 569 λίσσεσθαι

1181 599 1256 636 τῶν
1270 597 1322 646 μὴ
1340 597 1389 636 σύ
1406 613 1451 649 γε
1467 599 1591 647 μῦθον
1607 594 1767 650 ἐλέγξῃς

1187 665 1356 716 δωρητοί
1373 681 1414 705 τε
1436 665 1604 705 πέλοντο

1187 731 1237 775 ὣς
1257 732 1306 784 ἣν

1187 801 1358 842 Αἰτωλοὶ
1381 802 1454 852 μὲν
1475 801 1710 852 ἀμυνόμενοι

1186 869 1382 921 μέμνημαι
1405 870 1491 910 τόδε
1513 869 1630 921 ἔργον

1183 937 1206 988 ἢ
1229 937 1360 979 λάθετ’
1383 936 1406 989 ἢ
1428 938 1496 978 οὐκ
1518 939 1684 988 ἐνόησεν

1185 1005 1312 1058 ὦρσεν
1333 1007 1400 1047 ε’πί

1188 1075 1228 1117 ὃς
1254 1076 1353 1116 κακὰ
1375 1074 1508 1115 πολλά

1188 1144 1329 1184 ἄνθεσι
1350 1143 1489 1194 μήλων

1189 1214 1335 1255 τόσσος
1356 1213 1422 1263 ἔην

1190 1281 1290 1332 ἀμφὶ
1312 1280 1404 1323 συὸς
1426 1282 1582 1337 κεφαλῇ
1606 1280 1668 1321 καὶ
1690 1280 1771 1332 δέρ-

1231 1366 1322 1400 ματι

1188 1405 1410 1457 Ἀλκυόνην
1439 1406 1657 1447 καλέεσκον

1192 1476 1378 1516 Αἰτωλῶν

1193 1545 1328 1584 πολλὰ
1350 1544 1391 1584 δὲ
1412 1544 1528 1584 τόνδε

1192 1612 1252 1651 καὶ
1277 1613 1365 1652 τότε
1387 1611 1432 1662 δὴ
1456 1611 1690 1664 Μελέαγρον

1191 1680 1331 1731 ἄνδρας
1362 1682 1433 1730 μὲν
1464 1681 1670 1731 κτείνουσι,
1704 1681 1773 1721 πό-

1231 1753 1296 1789 λιν
1324 1749 1366 1789 δέ
1389 1765 1431 1788 τε
1452 1752 1527 1797 πῦρ
1548 1749 1736 1799 ἀμαθύνει

1193 1815 1317 1857 οὐκέθ’
1341 1817 1443 1867 ὁμῶς
1463 1819 1575 1868 τιμῆς
1596 1817 1707 1858 ἔσεαι

1194 1888 1305 1936 τιμῆς
1328 1885 1438 1927 ἔσεαι

1192 1955 1282 1994 ἴσον
1332 1954 1417 2005 ἐμοὶ
1469 1956 1665 2005 βασίλευε
1715 1955 1776 1995 καὶ

1233 2022 1354 2073 ἥμισυ
1378 2024 1510 2074 μείρεο

1194 2091 1299 2131 οὔτοι
1326 2090 1359 2130 δ’
1382 2091 1618 2143 ἀγγελέουσι

1193 2159 1234 2199 ἐκ
1261 2159 1417 2209 κλισίης
1438 2160 1596 2200 νόστοιο

1194 2226 1316 2277 νηλής

1193 2296 1285 2345 οἵης,
1312 2295 1380 2335 νῦν
1402 2295 1444 2335 δέ
1464 2311 1523 2335 τοι
1544 2295 1643 2336 ἑπτά

1156 2395 1164 2404 .
1198 2363 1247 2406 ὣς
1269 2362 1398 2415 ἔφαθ’,
1421 2364 1458 2403 οἱ
1479 2365 1520 2404 δὲ
1541 2364 1706 2406 ἕκαστος

1154 2464 1161 2472 .
1195 2432 1431 2474 σπείσαντες
1451 2433 1555 2483 παρὰ
1575 2434 1668 2482 νῆας
1685 2433 1778 2473 ἵσαν

1233 2498 1365 2549 πάλιν,
1388 2498 1475 2553 ἦρχ’
1497 2498 1718 2543 Ὀδυσσεύς

1198 2568 1332 2610 ὅππως
1354 2584 1418 2609 κεν
1440 2567 1531 2619 νῆάς
1551 2584 1593 2608 τε
1612 2569 1709 2619 σόῃς

1156 2667 1164 2676 .
1197 2636 1248 2678 ὣς
1270 2634 1398 2688 ἔφατ’,
1423 2636 1499 2677 εἰσὶ
1523 2636 1582 2677 καὶ
1604 2637 1685 2677 οἵδε

1157 2737 1165 2746 .
1198 2704 1372 2745 Lemma
1393 2719 1475 2745 om.

1199 2773 1250 2815 ὣς
1272 2773 1384 2825 ἔφατ’

1200 2840 1469 2894 ἀγασσάμενοι

1193 2910 1309 2962 μυρία
1348 2912 1449 2962 δῶρα
1500 2910 1638 2961 διδοὺς,
1683 2911 1703 2951 ὁ
1745 2910 1778 2951 δ’

1208 3032 1219 3042 ·
1239 2976 1392 3030 ἀγήνωρ
