1974 3305
299 139 383 179 308
843 146 995 183 ΙΛΙΑΔ

1000 146 1069 184 οΣ
1111 146 1157 184 A.
1201 145 1282 198 (1)

357 241 434 282 οὐδ’
458 241 679 300 ἀπατηλόν]
716 244 803 285 οὐδὲ
825 245 1063 296 ἀπατητικόν

355 321 452 363 527.
485 309 765 369 ἀτελεύτητον]
799 313 1031 366 ἀπλήρωτον

354 378 453 431 528.
485 375 531 435 ἦ]
565 379 674 420 εἶπεν
849 380 1072 440 κυανέῃσιν]
1105 384 1309 435 μελαίναις

353 458 453 500 529.
485 446 637 504 χαῖται]
671 449 802 501 τρίχες
976 447 1268 507 ἐπερρώσαντο]
1305 450 1597 499 ἐπεσείσθησαν

353 527 452 569 530.
485 514 683 573 ἐλέλιξεν]
718 518 908 569 ἐκίνησεν,
934 519 1092 561 ἔσεισεν

352 595 452 638 531.
485 582 710 642 διέτμαγεν]
745 588 1057 640 διεχωρίσθησαν

353 663 453 705 533.
489 652 556 693 ἑὸν
576 651 692 710 πρὸς]
727 654 820 706 πρὸς
842 654 884 694 τὸ
906 657 1006 696 ’ίδιον
1179 667 1278 710 534.
1311 652 1437 711 σφοῦ]
1470 658 1539 695 τοῦ
1562 654 1659 695 ἰδίου

353 731 450 775 537.
484 721 542 761 ὅτι
564 719 620 777 οἱ]
655 722 714 762 ὅτι
737 722 838 777 αὐτῷ

354 790 451 843 538.
485 788 745 845 ἀργυρόπεζα]
779 792 1048 842 λαμπρόπους·
1079 791 1177 841 πέζα
1197 794 1273 845 γὰρ
1295 793 1315 832 ὁ
1337 793 1431 835 πούς
1454 793 1565 844 (ποῦς
1586 793 1637 845 Α)

353 869 450 912 539.
483 855 743 914 κερτομίοισι]
778 862 848 899 νῦν
868 863 1056 911 λυπηροῖς

353 937 451 978 542.
485 923 714 983 κρυπτάδια]
740 926 788 969 ὡς
814 927 995 979 διχθάδια

353 1007 451 1049 543.
484 995 672 1047 πρόφρων
699 993 902 1052 τέτληκας]
937 995 1048 1037 οὐδέν
1075 1014 1142 1048 μοι
1175 997 1274 1037 ἐκὼν
1304 997 1446 1048 λέγεις,
1477 996 1542 1036 ἐὰν
1568 994 1620 1046 μὴ
1647 992 1710 1035 ὑπ’
1735 994 1829 1045 ἐμοῦ

297 1062 526 1118 ἀναγκασθῇ
533 1080 550 1105 ς

1170 924 1412 984 φρονέοντα]
1439 927 1714 978 διανοούμενον

353 1130 452 1185 546.
486 1130 678 1189 εἰδήσειν]
711 1133 973 1185 μαθήσεσθαι,
995 1139 1141 1188 γνῶναι

352 1209 450 1253 547.
482 1199 667 1257 ἐπιεικὲς]
702 1203 848 1254 πρέπον

354 1277 451 1322 550.
485 1267 644 1326 διείρεο]
679 1271 851 1323 ἀνερώτα

996 1204 1094 1258 548.
1128 1201 1294 1259 εἴσεται]
1319 1203 1523 1255 γνώσεται,
1546 1200 1661 1252 μάθοι

1012 1269 1213 1328 μετάλλα]
1247 1271 1566 1324 πολυπραγμόνει

352 1348 451 1390 552.
485 1336 682 1395 αἰνότατε]
720 1340 929 1389 δεινότατε,
953 1340 1124 1391 ἐπίφοβε

355 1416 452 1460 553.
487 1407 548 1447 καὶ
570 1409 662 1457 λίην
684 1425 731 1449 σε
751 1406 894 1465 πάρος]
923 1409 985 1449 καὶ

352 1487 448 1528 554.
484 1474 664 1533 εὔκηλος]
697 1477 845 1529 ἥσυχος

1010 1409 1112 1450 πάνυ
1139 1426 1185 1449 σε
1207 1409 1249 1449 ἐν
1270 1409 1321 1462 τῷ
1345 1407 1567 1460 ἔμπροσθεν
1588 1406 1718 1460 χρόνῳ

1018 1474 1203 1534 φράζεαι]
1239 1477 1401 1525 διενόου,
1426 1477 1643 1527 ἐβουλεύου

352 1555 449 1597 555.
482 1542 613 1601 αἰνῶς]
648 1548 780 1588 δεινῶς
954 1546 1053 1601 558.
1086 1542 1294 1603 ἐτήτυμον]
1329 1544 1471 1595 ἀληθές

354 1612 455 1666 561.
490 1611 690 1670 δαιμονίη]
725 1617 795 1655 νῦν
812 1615 919 1665 κακὴ,
944 1615 1079 1666 φαύλη

354 1681 430 1721 αἰεὶ
450 1682 524 1731 μὲν
547 1680 667 1738 ὀΐεαι]
702 1685 765 1723 διὰ
785 1683 928 1726 παντὸς
947 1684 1020 1734 μὲν
1040 1684 1219 1725 ὑπονοεῖς

351 1749 450 1802 569.
485 1748 794 1807 ἐπιγνάμψασα]
829 1749 1033 1802 πραΰνασα

351 1828 450 1870 570.
483 1815 681 1874 ὄχθησαν]
713 1818 928 1870 ἐστέναξαν
950 1821 1013 1860 διὰ
1033 1817 1251 1871 τὴνἽῖραν

352 1897 452 1940 573.
482 1886 507 1937 ἧ
528 1884 594 1943 δὴ]
629 1887 749 1930 ὄντως
772 1886 817 1937 δή
994 1885 1155 1944 ἀνεκτά]
1189 1888 1386 1939 ὑπομονῆς
1407 1888 1497 1938 ἄξια

351 1967 449 2009 574.
483 1956 518 1995 εἶ
539 1956 584 2003 δὴ
606 1953 717 2012 σφὼ]
752 1957 784 1997 εἰ
805 1956 850 2006 δὴ
871 1957 979 2007 ὑμεῖς

351 2022 451 2077 576.
483 2021 594 2081 ἦδος]
627 2024 760 2075 ἡδονὴ,
783 2024 960 2077 ὠφέλεια

346 2100 443 2145 577.
476 2090 701 2149 παράφημι]
735 2097 921 2145 παραινῶ,
945 2094 1203 2145 συμβουλεύω

350 2161 449 2214 578.
483 2158 638 2217 ἐπίηρα]
673 2165 744 2202 νῦν
764 2161 881 2215 χάριν

1001 1958 1037 1997 οἱ
1058 1957 1143 1997 θεοί

350 2229 448 2282 58Ι.
484 2227 737 2287 στυφελίξαι]
772 2231 1018 2282 ἀποκινῆσαι,
1041 2231 1262 2285 ἀνατρέψαι

349 2299 449 2351 582.
483 2297 768 2356 καθάπτεσθαι]
803 2298 1105 2353 καταπραΰνειν,
1128 2300 1286 2354 ἐπέχειν

349 2367 446 2419 584.
480 2364 656 2423 ἀναΐξας]
691 2367 863 2410 ἀναστάς

349 2437 447 2491 589.
483 2433 695 2492 ἀργαλέος]
719 2438 896 2490 χαλεπός

348 2519 449 2561 591.
479 2503 674 2562 τεταγών]
710 2507 883 2549 ἐκτείνας

1041 2370 1144 2424 588.
1178 2366 1426 2425 θεινομένην]
1460 2368 1731 2420 πληττομένην

1068 2447 1166 2493 590.
1200 2435 1455 2494 ἀλεξέμεναι]
1477 2440 1644 2489 βοηθεῖν

350 2575 426 2616 ἀπὸ
446 2578 576 2627 βηλοῦ
599 2572 849 2632 θεσπεσίοιο]
884 2576 962 2616 ἀπὸ
983 2579 1113 2627 βηλοῦ
1136 2577 1254 2626 θείου,
1277 2579 1503 2628 θαυμαστοῦ

346 2656 445 2698 593.
478 2644 615 2695 ὀλίγος
636 2641 669 2682 δ’
688 2642 745 2683 ἔτι
766 2642 884 2695 θυμὸς
905 2645 991 2695 ἐνῆε

346 2726 446 2767 594.
478 2713 572 2753 ἔνθα
593 2709 661 2769 με]
694 2713 783 2753 τότε
802 2729 852 2764 με

350 2781 447 2837 596.
481 2778 698 2839 κύπελλον]
732 2780 918 2834 ποτήριον

348 2861 446 2905 597.
480 2847 649 2907 ἐνδέξια]
684 2849 759 2891 ἀπὸ
781 2853 857 2892 τῶν
879 2849 991 2901 δεξιῶ

347 2920 445 2972 598.
477 2917 661 2976 ᾠνοχόει]
697 2920 828 2972 ἐκίρνα

350 2986 513 3044 ἐνῶρτο]
537 2989 745 3041 διεγείρετο

995 2641 1037 2700 ν]
1073 2644 1157 2685 ἀντὶ
1179 2648 1246 2685 τοῦ
1270 2646 1566 2699 ἐλειποψύχουν

1026 2724 1123 2768 595.
1155 2712 1361 2771 μείδησεν]
1397 2714 1588 2768 ἐγέλασεν

996 2867 1017 2891 ν
1038 2855 1164 2902 μερῶν
1185 2850 1396 2903 ἀρξάμενος

1002 2931 1101 2975 599.
1135 2918 1356 2977 ἄσβεστος]
1389 2921 1512 2962 πολύς

1380 2091 1566 2150 νοεούσῃ]
1600 2094 1800 2150 φρονούσῃ

1853 872 1901 898 10

1853 1219 1900 1257 15

1851 1562 1902 1588 20

1850 2251 1901 2288 30

1848 2596 1898 2635 35

1846 2940 1897 2974 40
