1974 3305
269 155 353 194 340
797 149 1021 188 ΙΛΙΑΔΟΣ
1063 149 1113 186 ψ.
1157 146 1266 198 (21)

328 266 424 304 420.
456 249 708 306 λιαζόμενον]
743 250 973 297 κυλιόμενον

327 330 423 372 425.
457 316 727 374 ἐσεμάσσατο]
763 316 968 368 καθήψατο
1142 325 1240 366 427.
1272 310 1542 369 πτώσσοιμεν]
1576 313 1771 365 φύγοιμεν

327 399 423 440 452.
457 385 621 443 ἐξανύω]
657 387 855 426 ἀποκτενῶ
1015 382 1111 434 458.
1143 380 1327 438 ἠρύκακε]
1362 381 1529 434 κατέσχε
1550 382 1615 421 τοῦ
1639 385 1780 434 φυγεῖν

325 457 422 507 464.
456 453 515 511 εὑ]
550 455 666 495 αὑτοῦ

325 526 423 579 483.
456 520 726 578 σφονδυλίων]
756 523 1000 571 σφονδύλων,
1024 520 1061 560 οἳ
1083 520 1183 560 εἰσὶν
1205 517 1258 560 κδ’
1282 521 1324 559 ἐν
1350 521 1396 574 τῇ
1416 517 1530 572 ῥάχει
1554 517 1670 573 (ῥάχῃ
1690 518 1749 559 Α)
1818 531 1839 567 5

327 605 423 644 490.
457 588 709 646 ἀναμαιμάει]
740 589 987 641 ἀναφέρεται,
1011 588 1186 639 μαίνεται

329 662 419 712 ἄγκε

427 658 469 716 α]
504 664 626 699 κοῖλοι
649 660 762 699 τόποι
784 659 884 709 ὀρῶν

327 726 553 784 θεσπιδαὲς]
587 727 659 768 ὑπὸ
683 730 781 767 θεῶν
802 727 1072 775 ἀναπτόμενον

325 810 422 847 491.
456 794 654 851 ἀζαλέοιο]
688 799 803 846 ξηροῦ
959 806 1055 845 492.
1091 789 1309 847 εἰλυφάζει]
1344 792 1555 843 συστρέφει

332 1071 423 1111 162.

269 1141 418 1192 ἀφῆκεν

916 957 965 993 Φ.
1026 953 1147 1005 (21)
1824 967 1869 991 10

457 1072 476 1110 ὁ
505 1069 534 1109 δ’
559 1071 707 1120 ἁμαρτῆ
734 1069 917 1119 δούρασιν
940 1064 1079 1122 ἀμφίς]
1114 1068 1134 1106 ὁ
1162 1067 1202 1106 δὲ
1229 1067 1430 1118 ἀμφότερα
1455 1067 1503 1105 τὰ
1531 1066 1673 1116 δόρατα
1705 1066 1799 1116 ὁμοῦ

331 1208 422 1248 166.
455 1204 718 1263 ἐπιγράβδην]
752 1206 841 1259 ἄχρι
862 1209 930 1245 τοῦ
951 1201 1127 1254 ἐπιξέσαι
1147 1205 1269 1254 μόνον
1291 1204 1333 1243 τὸ
1355 1202 1473 1253 δέρμα

331 1277 422 1328 167.
456 1274 570 1332 σύτο]
605 1276 816 1328 ἀνηνέχθη,
839 1275 951 1327 ε’ρρύη

330 1345 422 1387 168.
455 1341 722 1400 ἐνεστήρικτο]
753 1343 924 1396 ε’νεπάγη
1826 1361 1871 1395 15

332 1413 424 1464 169.
458 1410 687 1469 ἰθυπτίωνα]
723 1413 780 1452 ἐπ’
805 1412 955 1454 εὐθείας
976 1411 1192 1464 φερομένην

331 1495 423 1534 172.
455 1479 731 1537 μεσσοπαλές]
765 1482 805 1521 ἐκ
827 1484 894 1520 τοῦ
915 1480 1037 1532 μέσου
1058 1481 1308 1530 παλλόμειόν

330 1552 423 1603 Ι98.
457 1552 562 1591 ἀλλὰ
585 1551 645 1590 καὶ
673 1548 733 1606 ὅς]
769 1550 874 1589 ἀλλὰ
897 1550 958 1589 καὶ
980 1549 1089 1590 οὗτος

329 1632 423 1660 220.
457 1616 643 1674 ἀϊδήλως]
678 1619 956 1669 ἀφανιστικῶς,
979 1618 1162 1668 ὀλεθρίως

329 1701 424 1730 22Ι.
453 1686 548 1744 ἄγη]
583 1685 780 1737 ἔκπληξις,
803 1690 929 1737 θαῦμα
1824 1704 1871 1728 20

330 1770 425 1811 234.
458 1759 608 1807 οἴδματι
630 1753 752 1811 θύων]
785 1756 943 1808 ῥεύματι
968 1755 1174 1805 πληθύνων

331 1836 426 1877 247.
459 1822 626 1880 πεδίοιο]
659 1842 721 1876 γρ.
739 1825 917 1864 πεδίονδε

329 1897 425 1946 267.
458 1891 674 1949 φοβέουσι]
709 1893 890 1933 διώκουσι
1067 1903 1161 1943 271.
1194 1888 1403 1945 ὑπέρεπτε]
1436 1888 1636 1942 ὑφήρπαζε

332 1974 427 2017 273.
459 1960 626 2018 ὑπέστη]
660 1961 862 2011 ὑπέμεινεν

333 2032 427 2072 282.
462 2028 655 2086 ἐρχθέντ’]
690 2030 772 2069 ἀντὶ
793 2031 860 2069 τοῦ
881 2027 1068 2081 πνιγέντα
1246 2037 1340 2079 297.
1373 2024 1478 2082 ἴμεν]
1513 2026 1597 2067 ἀντὶ
1618 2027 1686 2066 τοῦ
1707 2027 1760 2065 ἴθι
1826 2042 1872 2078 25

332 2111 428 2155 327.
461 2101 557 2139 κατὰ
579 2097 608 2138 δ’
629 2096 741 2154 ᾕρεε]
776 2096 1075 2147 κατελάμβανεν

331 2181 428 2223 329.
461 2164 687 2223 ἀποέρσειε]
723 2165 951 2216 ἀποπνίξειε
1126 2178 1223 2219 333.
1256 2161 1496 2220 πιφαύσκεο]
1530 2162 1720 2215 ἐμφάνιζε

331 2251 427 2291 334.
459 2237 652 2288 ἀργεστᾶο
673 2232 822 2291 νότοιο]
855 2237 923 2274 τοῦ
943 2232 1159 2286 λεγομένου
1180 2234 1416 2273 λευκονότου

331 2314 427 2360 335.
460 2302 633 2360 εἵσομαι]
668 2304 909 2356 πορεύσομαι
1083 2301 1178 2356 338.
1212 2299 1281 2357 ἵει]
1315 2300 1447 2351 βάλλε

331 2387 427 2428 339.
460 2370 587 2429 ἀρειῇ]
622 2371 764 2427 ἀπειλῇ
1826 2387 1875 2422 30

332 2454 428 2497 342.
459 2438 682 2497 τιτύσκετο]
716 2438 938 2491 ἡτοιμάζετο
1080 2435 1308 2493 θεσπιδαές]
1344 2438 1448 2478 θείου
1471 2436 1677 2488 καιομένου

333 2525 429 2567 343.
462 2509 609 2566 δαίετο]
642 2511 821 2561 ἡτοίμαζε
995 2521 1092 2563 344.
1125 2505 1232 2563 ἅλις]
1267 2508 1416 2558 ἀθρόως

335 2591 431 2635 347.
464 2580 573 2621 ὅστις
604 2576 749 2635 ἐθείρῃ]
798 2579 838 2628 ἐξ
871 2577 981 2619 ἔθους
1013 2577 1238 2627 ἐπιμελοῖτο
1274 2575 1348 2629 (Sic
1385 2576 1447 2616 ed.
1482 2575 1696 2616 Romana:
1741 2574 1805 2615 ἐπὶ

278 2651 459 2700 ἀμελοῖτο
480 2649 536 2700 Α)

337 2727 432 2772 351.
464 2714 609 2773 λωτός]
642 2720 720 2757 πᾶν
741 2716 857 2758 ἄνθος
998 2711 1136 2770 θρύον]
1171 2713 1270 2755 εἶδος
1291 2715 1386 2756 πόας
1828 2727 1876 2763 35

337 2794 432 2839 355.
464 2782 721 2841 πολυμήτιος]
754 2784 1006 2835 πολυβούλου

337 2854 431 2907 361.
465 2854 537 2893 ἀνὰ
558 2852 588 2892 δ’
608 2850 752 2909 ἔφλυε]
787 2853 912 2900 ἀνέζει

339 2922 435 2975 362.
466 2919 735 2977 ἐπειγόμενος]
771 2921 971 2970 καιόμενος

340 2989 419 3041 363

428 3022 434 3028 .
466 2986 720 3045 μελδόμενος]
749 2989 830 3029 ἀντὶ
852 2991 920 3028 τοῦ
940 2987 1064 3038 τήκων
