<?xml version="1.0" encoding="UTF-8"?>
<!DOCTYPE html PUBLIC "-//W3C//DTD XHTML 1.0 Transitional//EN"
    "http://www.w3.org/TR/xhtml1/DTD/xhtml1-transitional.dtd">
<html xmlns="http://www.w3.org/1999/xhtml" xml:lang="en" lang="en">
 <head>
  <title>
</title>
<meta http-equiv="Content-Type" content="text/html;charset=utf-8" />
  <meta name='ocr-system' content='tesseract 3.04.00' />
  <meta name='ocr-capabilities' content='ocr_page ocr_carea ocr_par ocr_line ocrx_word'/>
</head>
<body>
  <div class='ocr_page' id='page_1' title='image "./scholiagraecainh02homeuoft_0335.png"; bbox 0 0 1974 3305; ppageno 0'>
   <div class='ocr_carea' id='block_1_1' title="bbox 190 244 289 435">
    <p class='ocr_par' dir='ltr' id='par_1_1' title="bbox 190 244 289 435">
     <span class='ocr_line' id='line_1_1' title="bbox 193 244 286 296; baseline 0 -11"><span class='ocrx_word' id='word_1_1' title='bbox 193 244 286 296; x_wconf 88' lang='lat'>568.</span> 
     </span>
     <span class='ocr_line' id='line_1_2' title="bbox 192 314 287 367; baseline 0.032 -3"><span class='ocrx_word' id='word_1_2' title='bbox 192 314 287 367; x_wconf 87' lang='lat'>569-</span> 
     </span>
     <span class='ocr_line' id='line_1_3' title="bbox 190 391 289 435; baseline 0 -11"><span class='ocrx_word' id='word_1_3' title='bbox 190 391 289 435; x_wconf 83' lang='lat'><em>572·</em></span> 
     </span>
    </p>
   </div>
   <div class='ocr_carea' id='block_1_2' title="bbox 191 461 288 573">
    <p class='ocr_par' dir='ltr' id='par_1_2' title="bbox 191 461 288 573">
     <span class='ocr_line' id='line_1_4' title="bbox 194 461 287 506; baseline 0.032 -4"><span class='ocrx_word' id='word_1_4' title='bbox 194 461 287 506; x_wconf 83' lang='lat'>573·</span> 
     </span>
     <span class='ocr_line' id='line_1_5' title="bbox 191 519 288 573; baseline 0 -14"><span class='ocrx_word' id='word_1_5' title='bbox 191 519 288 573; x_wconf 87' lang='lat'><strong>580.</strong></span> 
     </span>
    </p>
   </div>
   <div class='ocr_carea' id='block_1_3' title="bbox 193 587 288 639">
    <p class='ocr_par' dir='ltr' id='par_1_3' title="bbox 193 587 288 639">
     <span class='ocr_line' id='line_1_6' title="bbox 193 587 288 639; baseline 0.032 -15"><span class='ocrx_word' id='word_1_6' title='bbox 193 587 288 639; x_wconf 79' lang='grc'><strong>588.</strong></span> 
     </span>
    </p>
   </div>
   <div class='ocr_carea' id='block_1_4' title="bbox 190 664 286 777">
    <p class='ocr_par' dir='ltr' id='par_1_4' title="bbox 190 664 286 777">
     <span class='ocr_line' id='line_1_7' title="bbox 190 664 274 708; baseline 0.012 -1"><span class='ocrx_word' id='word_1_7' title='bbox 190 664 274 708; x_wconf 87' lang='grc'>590</span> 
     </span>
     <span class='ocr_line' id='line_1_8' title="bbox 191 734 286 777; baseline 0.011 -1"><span class='ocrx_word' id='word_1_8' title='bbox 191 734 286 777; x_wconf 83' lang='lat'>593·</span> 
     </span>
    </p>
   </div>
   <div class='ocr_carea' id='block_1_5' title="bbox 190 793 287 899">
    <p class='ocr_par' dir='ltr' id='par_1_5' title="bbox 190 793 287 899">
     <span class='ocr_line' id='line_1_9' title="bbox 192 793 287 844; baseline 0.021 -2"><span class='ocrx_word' id='word_1_9' title='bbox 192 793 287 844; x_wconf 85' lang='lat'>596·</span> 
     </span>
     <span class='ocr_line' id='line_1_10' title="bbox 190 860 286 899; baseline 0 0"><span class='ocrx_word' id='word_1_10' title='bbox 190 860 286 899; x_wconf 88' lang='lat'>601.</span> 
     </span>
    </p>
   </div>
   <div class='ocr_carea' id='block_1_6' title="bbox 658 135 1659 192">
    <p class='ocr_par' dir='ltr' id='par_1_6' title="bbox 658 135 1659 192">
     <span class='ocr_line' id='line_1_11' title="bbox 658 135 1659 192; baseline -0.009 -10"><span class='ocrx_word' id='word_1_11' title='bbox 658 143 883 182; x_wconf 69' lang='grc' dir='ltr'>ΙΛΙΑΔΟΣ</span> <span class='ocrx_word' id='word_1_12' title='bbox 926 144 973 180; x_wconf 84' lang='grc' dir='ltr'><strong>Λ.</strong></span> <span class='ocrx_word' id='word_1_13' title='bbox 1016 138 1127 192; x_wconf 81' lang='lat'>(11)</span> <span class='ocrx_word' id='word_1_14' title='bbox 1575 135 1659 174; x_wconf 74' lang='lat'>329</span> 
     </span>
    </p>
   </div>
   <div class='ocr_carea' id='block_1_7' title="bbox 318 244 1262 434">
    <p class='ocr_par' dir='ltr' id='par_1_7' title="bbox 318 244 1262 434">
     <span class='ocr_line' id='line_1_12' title="bbox 319 244 790 299; baseline 0 -15"><span class='ocrx_word' id='word_1_15' title='bbox 319 245 592 299; x_wconf 77' lang='grc' dir='ltr'>τρωπάσκετο]</span> <span class='ocrx_word' id='word_1_16' title='bbox 615 244 790 297; x_wconf 81' lang='grc' dir='ltr'>ἐτρέπετο</span> 
     </span>
     <span class='ocr_line' id='line_1_13' title="bbox 318 313 886 367; baseline -0.002 -14"><span class='ocrx_word' id='word_1_17' title='bbox 318 313 521 367; x_wconf 86' lang='grc' dir='ltr'>προέεργε]</span> <span class='ocrx_word' id='word_1_18' title='bbox 547 313 690 365; x_wconf 77' lang='grc' dir='ltr'>εἶργεν,</span> <span class='ocrx_word' id='word_1_19' title='bbox 715 313 886 352; x_wconf 86' lang='grc' dir='ltr'>ἐκώλυεν</span> 
     </span>
     <span class='ocr_line' id='line_1_14' title="bbox 319 379 1262 434; baseline -0.003 -13"><span class='ocrx_word' id='word_1_20' title='bbox 319 383 465 434; x_wconf 85' lang='grc' dir='ltr'>ὄρμενα</span> <span class='ocrx_word' id='word_1_21' title='bbox 484 381 668 434; x_wconf 84' lang='grc' dir='ltr'>πρόσσω]</span> <span class='ocrx_word' id='word_1_22' title='bbox 691 382 867 433; x_wconf 79' lang='grc' dir='ltr'>ὁρμῶντα</span> <span class='ocrx_word' id='word_1_23' title='bbox 889 380 950 420; x_wconf 82' lang='grc' dir='ltr'>ἐπὶ</span> <span class='ocrx_word' id='word_1_24' title='bbox 972 379 1016 419; x_wconf 87' lang='grc' dir='ltr'>τὸ</span> <span class='ocrx_word' id='word_1_25' title='bbox 1039 380 1262 431; x_wconf 88' lang='grc' dir='ltr'>ἔμπροσθεν</span> 
     </span>
    </p>
   </div>
   <div class='ocr_carea' id='block_1_8' title="bbox 321 449 1703 573">
    <p class='ocr_par' dir='ltr' id='par_1_8' title="bbox 321 449 1703 573">
     <span class='ocr_line' id='line_1_15' title="bbox 322 449 1457 504; baseline -0.006 -12"><span class='ocrx_word' id='word_1_26' title='bbox 322 451 523 504; x_wconf 83' lang='grc' dir='ltr'>ἐπαυρεῖν]</span> <span class='ocrx_word' id='word_1_27' title='bbox 546 449 783 502; x_wconf 81' lang='grc' dir='ltr'>ἐφάψασθαι</span> <span class='ocrx_word' id='word_1_28' title='bbox 964 457 1057 500; x_wconf 80' lang='lat'>574.</span> <span class='ocrx_word' id='word_1_29' title='bbox 1090 449 1200 503; x_wconf 77' lang='grc' dir='ltr'>ἆσαι]</span> <span class='ocrx_word' id='word_1_30' title='bbox 1227 449 1457 498; x_wconf 83' lang='grc' dir='ltr'>κορεσθῆναι</span> 
     </span>
     <span class='ocr_line' id='line_1_16' title="bbox 321 514 1703 573; baseline -0.006 -13"><span class='ocrx_word' id='word_1_31' title='bbox 321 519 470 573; x_wconf 80' lang='grc' dir='ltr'>αἴνυτο]</span> <span class='ocrx_word' id='word_1_32' title='bbox 499 520 687 571; x_wconf 81' lang='grc' dir='ltr'>ἀφῃρεῖτο</span> <span class='ocrx_word' id='word_1_33' title='bbox 867 516 964 569; x_wconf 87' lang='grc'><strong>582.</strong></span> <span class='ocrx_word' id='word_1_34' title='bbox 998 516 1274 567; x_wconf 84' lang='grc' dir='ltr'>ἀπαινύμενον]</span> <span class='ocrx_word' id='word_1_35' title='bbox 1301 514 1590 567; x_wconf 89' lang='grc' dir='ltr'>ἀφαιρούμενον</span> <span class='ocrx_word' id='word_1_36' title='bbox 1680 523 1703 561; x_wconf 86' lang='grc'><strong>5</strong></span> 
     </span>
    </p>
   </div>
   <div class='ocr_carea' id='block_1_9' title="bbox 318 585 1732 915">
    <p class='ocr_par' dir='ltr' id='par_1_9' title="bbox 318 585 939 640">
     <span class='ocr_line' id='line_1_17' title="bbox 318 585 939 640; baseline 0.002 -13"><span class='ocrx_word' id='word_1_37' title='bbox 318 586 604 640; x_wconf 85' lang='grc' dir='ltr'>ἐλελιχθέντες]</span> <span class='ocrx_word' id='word_1_38' title='bbox 635 585 939 638; x_wconf 83' lang='grc' dir='ltr'>ἐπιστραφέντες</span> 
     </span>
    </p>

    <p class='ocr_par' dir='ltr' id='par_1_10' title="bbox 320 654 954 709">
     <span class='ocr_line' id='line_1_18' title="bbox 320 654 954 709; baseline -0.005 -13"><span class='ocrx_word' id='word_1_39' title='bbox 320 655 530 709; x_wconf 79' lang='grc' dir='ltr'>δυσηχέος]</span> <span class='ocrx_word' id='word_1_40' title='bbox 553 654 758 708; x_wconf 84' lang='grc' dir='ltr'>κακοήχου,</span> <span class='ocrx_word' id='word_1_41' title='bbox 781 657 954 705; x_wconf 80' lang='grc' dir='ltr'>λυπηροῦ</span> 
     </span>
    </p>

    <p class='ocr_par' dir='ltr' id='par_1_11' title="bbox 318 719 1732 915">
     <span class='ocr_line' id='line_1_19' title="bbox 319 719 1619 778; baseline -0.002 -15"><span class='ocrx_word' id='word_1_42' title='bbox 319 723 535 778; x_wconf 85' lang='grc' dir='ltr'>κλίναντες]</span> <span class='ocrx_word' id='word_1_43' title='bbox 558 724 644 764; x_wconf 84' lang='grc' dir='ltr'>ἀντὶ</span> <span class='ocrx_word' id='word_1_44' title='bbox 666 726 733 764; x_wconf 87' lang='grc' dir='ltr'>τοῦ</span> <span class='ocrx_word' id='word_1_45' title='bbox 761 722 848 764; x_wconf 83' lang='grc' dir='ltr'>τοὺς</span> <span class='ocrx_word' id='word_1_46' title='bbox 872 722 999 772; x_wconf 83' lang='grc' dir='ltr'>ὤμους</span> <span class='ocrx_word' id='word_1_47' title='bbox 1020 725 1102 763; x_wconf 87' lang='grc' dir='ltr'>ταῖς</span> <span class='ocrx_word' id='word_1_48' title='bbox 1127 720 1267 761; x_wconf 84' lang='grc' dir='ltr'>ἀσπίσι</span> <span class='ocrx_word' id='word_1_49' title='bbox 1293 719 1619 772; x_wconf 84' lang='grc' dir='ltr'>προσερείσαντες</span> 
     </span>
     <span class='ocr_line' id='line_1_20' title="bbox 318 788 1662 846; baseline -0.004 -15"><span class='ocrx_word' id='word_1_50' title='bbox 318 791 532 846; x_wconf 85' lang='grc' dir='ltr'>μάρναντο]</span> <span class='ocrx_word' id='word_1_51' title='bbox 555 791 748 845; x_wconf 83' lang='grc' dir='ltr'>ἐμάχοντο</span> <span class='ocrx_word' id='word_1_52' title='bbox 880 790 975 843; x_wconf 82' lang='grc'><strong>598.</strong></span> <span class='ocrx_word' id='word_1_53' title='bbox 1010 789 1186 844; x_wconf 82' lang='grc' dir='ltr'>ἱδρῶσαι]</span> <span class='ocrx_word' id='word_1_54' title='bbox 1211 791 1338 840; x_wconf 84' lang='grc' dir='ltr'>ἱδρῶτι</span> <span class='ocrx_word' id='word_1_55' title='bbox 1359 788 1662 839; x_wconf 88' lang='grc' dir='ltr'>καταρρεόμεναι</span> 
     </span>
     <span class='ocr_line' id='line_1_21' title="bbox 320 855 1732 915; baseline -0.004 -16"><span class='ocrx_word' id='word_1_56' title='bbox 320 857 433 915; x_wconf 85' lang='grc' dir='ltr'>ἰῶκα]</span> <span class='ocrx_word' id='word_1_57' title='bbox 457 859 526 910; x_wconf 78' lang='grc' dir='ltr'>τὴν</span> <span class='ocrx_word' id='word_1_58' title='bbox 548 859 678 912; x_wconf 91' lang='grc' dir='ltr'>φυγήν</span> <span class='ocrx_word' id='word_1_59' title='bbox 800 856 1090 914; x_wconf 87' lang='grc' dir='ltr'>δακρυόεσσαν]</span> <span class='ocrx_word' id='word_1_60' title='bbox 1115 858 1186 909; x_wconf 82' lang='grc' dir='ltr'>τὴν</span> <span class='ocrx_word' id='word_1_61' title='bbox 1207 861 1285 898; x_wconf 88' lang='grc' dir='ltr'>τῶν</span> <span class='ocrx_word' id='word_1_62' title='bbox 1305 859 1467 898; x_wconf 87' lang='grc' dir='ltr'>πολλῶν</span> <span class='ocrx_word' id='word_1_63' title='bbox 1488 855 1661 906; x_wconf 87' lang='grc' dir='ltr'>δακρύων</span> <span class='ocrx_word' id='word_1_64' title='bbox 1683 867 1732 894; x_wconf 93' lang='lat'>10</span> 
     </span>
    </p>
   </div>
   <div class='ocr_carea' id='block_1_10' title="bbox 131 928 576 980">
    <p class='ocr_par' dir='ltr' id='par_1_12' title="bbox 131 928 576 980">
     <span class='ocr_line' id='line_1_22' title="bbox 131 928 576 980; baseline 0 -11"><span class='ocrx_word' id='word_1_65' title='bbox 131 928 259 969; x_wconf 81' lang='grc' dir='ltr'>αἰτίαν</span> <span class='ocrx_word' id='word_1_66' title='bbox 281 928 342 968; x_wconf 88' lang='grc' dir='ltr'>καὶ</span> <span class='ocrx_word' id='word_1_67' title='bbox 364 932 576 980; x_wconf 90' lang='grc' dir='ltr'>συμφορῶν</span> 
     </span>
    </p>
   </div>
   <div class='ocr_carea' id='block_1_11' title="bbox 129 993 1734 3039">
    <p class='ocr_par' dir='ltr' id='par_1_13' title="bbox 191 993 695 1052">
     <span class='ocr_line' id='line_1_23' title="bbox 191 993 695 1052; baseline -0.004 -15"><span class='ocrx_word' id='word_1_68' title='bbox 191 997 288 1047; x_wconf 87' lang='lat'><strong>604.</strong></span> <span class='ocrx_word' id='word_1_69' title='bbox 320 993 505 1052; x_wconf 88' lang='grc' dir='ltr'>ἔκμολεν]</span> <span class='ocrx_word' id='word_1_70' title='bbox 531 994 695 1046; x_wconf 79' lang='grc' dir='ltr'>ἐξῆλθεν</span> 
     </span>
    </p>

    <p class='ocr_par' dir='ltr' id='par_1_14' title="bbox 188 1062 1028 1120">
     <span class='ocr_line' id='line_1_24' title="bbox 188 1062 1028 1120; baseline 0.001 -16"><span class='ocrx_word' id='word_1_71' title='bbox 188 1065 287 1106; x_wconf 90' lang='grc'>610.</span> <span class='ocrx_word' id='word_1_72' title='bbox 319 1063 442 1105; x_wconf 75' lang='grc' dir='ltr'>οὐκέτ’</span> <span class='ocrx_word' id='word_1_73' title='bbox 465 1062 643 1120; x_wconf 88' lang='grc' dir='ltr'>ἀνεκτός]</span> <span class='ocrx_word' id='word_1_74' title='bbox 667 1065 751 1104; x_wconf 75' lang='grc' dir='ltr'>οἷον</span> <span class='ocrx_word' id='word_1_75' title='bbox 773 1063 1028 1115; x_wconf 82' lang='grc' dir='ltr'>ἀκαρτέρητος</span> 
     </span>
    </p>

    <p class='ocr_par' dir='ltr' id='par_1_15' title="bbox 129 1128 1730 1253">
     <span class='ocr_line' id='line_1_25' title="bbox 189 1128 1659 1189; baseline -0.004 -15"><span class='ocrx_word' id='word_1_76' title='bbox 189 1135 285 1175; x_wconf 90' lang='lat'>611.</span> <span class='ocrx_word' id='word_1_77' title='bbox 318 1130 437 1189; x_wconf 85' lang='grc' dir='ltr'>ἔρειο]</span> <span class='ocrx_word' id='word_1_78' title='bbox 474 1133 670 1185; x_wconf 84' lang='grc' dir='ltr'>ἐρώτησον</span> <span class='ocrx_word' id='word_1_79' title='bbox 844 1132 941 1186; x_wconf 81' lang='lat'><em>613.</em></span> <span class='ocrx_word' id='word_1_80' title='bbox 984 1131 1032 1171; x_wconf 87' lang='grc' dir='ltr'>τά</span> <span class='ocrx_word' id='word_1_81' title='bbox 1063 1130 1098 1184; x_wconf 87' lang='grc' dir='ltr'>γ’</span> <span class='ocrx_word' id='word_1_82' title='bbox 1128 1128 1290 1187; x_wconf 85' lang='grc' dir='ltr'>ὄπισθε]</span> <span class='ocrx_word' id='word_1_83' title='bbox 1325 1132 1374 1170; x_wconf 82' lang='grc' dir='ltr'>τὰ</span> <span class='ocrx_word' id='word_1_84' title='bbox 1405 1130 1531 1170; x_wconf 82' lang='grc' dir='ltr'>ὀπίσω</span> <span class='ocrx_word' id='word_1_85' title='bbox 1561 1128 1659 1182; x_wconf 88' lang='grc' dir='ltr'>μέρη</span> 
     </span>
     <span class='ocr_line' id='line_1_26' title="bbox 129 1202 1730 1253; baseline 0.001 -11"><span class='ocrx_word' id='word_1_86' title='bbox 129 1205 197 1243; x_wconf 83' lang='grc' dir='ltr'>τοῦ</span> <span class='ocrx_word' id='word_1_87' title='bbox 219 1202 398 1253; x_wconf 82' lang='grc' dir='ltr'>σώματος</span> <span class='ocrx_word' id='word_1_88' title='bbox 1684 1207 1730 1244; x_wconf 91' lang='lat'>15</span> 
     </span>
    </p>

    <p class='ocr_par' dir='ltr' id='par_1_16' title="bbox 189 1266 1661 1328">
     <span class='ocr_line' id='line_1_27' title="bbox 189 1266 1661 1328; baseline -0.004 -16"><span class='ocrx_word' id='word_1_89' title='bbox 189 1272 285 1326; x_wconf 83' lang='lat'><em>615.</em></span> <span class='ocrx_word' id='word_1_90' title='bbox 319 1269 530 1328; x_wconf 81' lang='grc' dir='ltr'>παρήϊξαν]</span> <span class='ocrx_word' id='word_1_91' title='bbox 553 1271 800 1323; x_wconf 88' lang='grc' dir='ltr'>παρέδραμον</span> <span class='ocrx_word' id='word_1_92' title='bbox 918 1271 1017 1311; x_wconf 81' lang='grc'><strong>621.</strong></span> <span class='ocrx_word' id='word_1_93' title='bbox 1051 1266 1327 1324; x_wconf 78' lang='grc' dir='ltr'>ἀπεψύχοντο]</span> <span class='ocrx_word' id='word_1_94' title='bbox 1353 1269 1402 1309; x_wconf 84' lang='grc' dir='ltr'>ὡς</span> <span class='ocrx_word' id='word_1_95' title='bbox 1423 1271 1491 1308; x_wconf 84' lang='grc' dir='ltr'>νῦν</span> <span class='ocrx_word' id='word_1_96' title='bbox 1512 1267 1661 1319; x_wconf 82' lang='grc' dir='ltr'>ἔφυγον</span> 
     </span>
    </p>

    <p class='ocr_par' dir='ltr' id='par_1_17' title="bbox 188 1338 855 1396">
     <span class='ocr_line' id='line_1_28' title="bbox 188 1338 855 1396; baseline -0.004 -14"><span class='ocrx_word' id='word_1_97' title='bbox 188 1341 286 1391; x_wconf 88' lang='lat'><strong>624.</strong></span> <span class='ocrx_word' id='word_1_98' title='bbox 320 1338 475 1396; x_wconf 84' lang='grc' dir='ltr'>κυκειῶ]</span> <span class='ocrx_word' id='word_1_99' title='bbox 500 1341 712 1392; x_wconf 78' lang='grc' dir='ltr'>πολυμιγὲς</span> <span class='ocrx_word' id='word_1_100' title='bbox 733 1340 855 1380; x_wconf 88' lang='grc' dir='ltr'>ποτόν</span> 
     </span>
    </p>

    <p class='ocr_par' dir='ltr' id='par_1_18' title="bbox 187 1403 1572 1465">
     <span class='ocr_line' id='line_1_29' title="bbox 187 1403 1572 1465; baseline -0.004 -16"><span class='ocrx_word' id='word_1_101' title='bbox 187 1409 286 1460; x_wconf 87' lang='grc'><strong>627.</strong></span> <span class='ocrx_word' id='word_1_102' title='bbox 319 1406 478 1465; x_wconf 82' lang='grc' dir='ltr'>ἔξελον]</span> <span class='ocrx_word' id='word_1_103' title='bbox 503 1409 697 1459; x_wconf 79' lang='grc' dir='ltr'>ἐξαίρετον</span> <span class='ocrx_word' id='word_1_104' title='bbox 719 1408 866 1448; x_wconf 88' lang='grc' dir='ltr'>ἔδωκαν</span> <span class='ocrx_word' id='word_1_105' title='bbox 1041 1403 1341 1461; x_wconf 82' lang='grc' dir='ltr'>ἀριστεύεσκεν]</span> <span class='ocrx_word' id='word_1_106' title='bbox 1367 1406 1386 1444; x_wconf 90' lang='grc' dir='ltr'>ὁ</span> <span class='ocrx_word' id='word_1_107' title='bbox 1410 1403 1572 1455; x_wconf 84' lang='grc' dir='ltr'>Νέστωρ</span> 
     </span>
    </p>

    <p class='ocr_par' dir='ltr' id='par_1_19' title="bbox 188 1473 989 1532">
     <span class='ocr_line' id='line_1_30' title="bbox 188 1473 989 1532; baseline -0.004 -14"><span class='ocrx_word' id='word_1_108' title='bbox 188 1476 286 1519; x_wconf 89' lang='grc'><strong>628.</strong></span> <span class='ocrx_word' id='word_1_109' title='bbox 319 1473 568 1532; x_wconf 82' lang='grc' dir='ltr'>ἐπιπροΐηλε]</span> <span class='ocrx_word' id='word_1_110' title='bbox 593 1474 652 1516; x_wconf 84' lang='grc' dir='ltr'>ἐπ’</span> <span class='ocrx_word' id='word_1_111' title='bbox 676 1476 775 1530; x_wconf 82' lang='grc' dir='ltr'>αὐτῷ</span> <span class='ocrx_word' id='word_1_112' title='bbox 798 1475 989 1528; x_wconf 86' lang='grc' dir='ltr'>παρέθηκε</span> 
     </span>
    </p>

    <p class='ocr_par' dir='ltr' id='par_1_20' title="bbox 187 1542 1734 1601">
     <span class='ocr_line' id='line_1_31' title="bbox 187 1542 1734 1601; baseline -0.003 -14"><span class='ocrx_word' id='word_1_113' title='bbox 187 1546 287 1597; x_wconf 85' lang='grc'><strong>629.</strong></span> <span class='ocrx_word' id='word_1_114' title='bbox 321 1542 582 1601; x_wconf 80' lang='grc' dir='ltr'>κυανόπεζαν]</span> <span class='ocrx_word' id='word_1_115' title='bbox 606 1545 857 1596; x_wconf 90' lang='grc' dir='ltr'>μελανόπουν</span> <span class='ocrx_word' id='word_1_116' title='bbox 1568 1558 1570 1575; x_wconf 80' lang='lat'><strong>¹</strong></span> <span class='ocrx_word' id='word_1_117' title='bbox 1683 1551 1734 1576; x_wconf 89' lang='lat'>20</span> 
     </span>
    </p>

    <p class='ocr_par' dir='ltr' id='par_1_21' title="bbox 187 1611 882 1669">
     <span class='ocr_line' id='line_1_32' title="bbox 187 1611 882 1669; baseline -0.001 -16"><span class='ocrx_word' id='word_1_118' title='bbox 187 1613 285 1668; x_wconf 82' lang='lat'><em>630.</em></span> <span class='ocrx_word' id='word_1_119' title='bbox 317 1614 421 1668; x_wconf 73' lang='grc' dir='ltr'>ποτῷ</span> <span class='ocrx_word' id='word_1_120' title='bbox 444 1611 568 1669; x_wconf 86' lang='grc' dir='ltr'>ὄψον]</span> <span class='ocrx_word' id='word_1_121' title='bbox 595 1612 753 1654; x_wconf 84' lang='grc' dir='ltr'>ποτικὸν</span> <span class='ocrx_word' id='word_1_122' title='bbox 773 1613 882 1664; x_wconf 82' lang='grc' dir='ltr'>ὄψον</span> 
     </span>
    </p>

    <p class='ocr_par' dir='ltr' id='par_1_22' title="bbox 189 1678 1119 1738">
     <span class='ocr_line' id='line_1_33' title="bbox 189 1678 1119 1738; baseline -0.003 -16"><span class='ocrx_word' id='word_1_123' title='bbox 189 1685 286 1737; x_wconf 76' lang='grc'><strong>631.</strong></span> <span class='ocrx_word' id='word_1_124' title='bbox 318 1679 496 1738; x_wconf 87' lang='grc' dir='ltr'>χλωρόν]</span> <span class='ocrx_word' id='word_1_125' title='bbox 520 1681 612 1722; x_wconf 88' lang='grc' dir='ltr'>νέον</span> <span class='ocrx_word' id='word_1_126' title='bbox 786 1678 976 1736; x_wconf 84' lang='grc' dir='ltr'>ἀλφίτου]</span> <span class='ocrx_word' id='word_1_127' title='bbox 1001 1680 1119 1731; x_wconf 82' lang='grc' dir='ltr'>ἄρτου</span> 
     </span>
    </p>

    <p class='ocr_par' dir='ltr' id='par_1_23' title="bbox 189 1744 1660 1806">
     <span class='ocr_line' id='line_1_34' title="bbox 189 1744 1660 1806; baseline -0.003 -16"><span class='ocrx_word' id='word_1_128' title='bbox 189 1752 287 1805; x_wconf 77' lang='grc'><strong>635.</strong></span> <span class='ocrx_word' id='word_1_129' title='bbox 319 1747 546 1806; x_wconf 89' lang='grc' dir='ltr'>νεμέθοντο]</span> <span class='ocrx_word' id='word_1_130' title='bbox 569 1749 748 1790; x_wconf 88' lang='grc' dir='ltr'>τουτέστι</span> <span class='ocrx_word' id='word_1_131' title='bbox 768 1750 911 1797; x_wconf 84' lang='grc' dir='ltr'>ζώσαις</span> <span class='ocrx_word' id='word_1_132' title='bbox 937 1749 999 1788; x_wconf 86' lang='grc' dir='ltr'>καὶ</span> <span class='ocrx_word' id='word_1_133' title='bbox 1024 1748 1229 1790; x_wconf 87' lang='grc' dir='ltr'>πινούσαις</span> <span class='ocrx_word' id='word_1_134' title='bbox 1252 1744 1427 1801; x_wconf 69' lang='grc' dir='ltr'>ἐῴκεσαν</span> <span class='ocrx_word' id='word_1_135' title='bbox 1451 1747 1491 1786; x_wconf 84' lang='grc' dir='ltr'>αἱ</span> <span class='ocrx_word' id='word_1_136' title='bbox 1507 1744 1660 1786; x_wconf 88' lang='grc' dir='ltr'>πέλειαι</span> 
     </span>
    </p>

    <p class='ocr_par' dir='ltr' id='par_1_24' title="bbox 191 1816 931 1875">
     <span class='ocr_line' id='line_1_35' title="bbox 191 1816 931 1875; baseline 0 -16"><span class='ocrx_word' id='word_1_137' title='bbox 191 1818 289 1874; x_wconf 84' lang='lat'><em>636.</em></span> <span class='ocrx_word' id='word_1_138' title='bbox 320 1816 463 1875; x_wconf 86' lang='grc' dir='ltr'>ἄλλος]</span> <span class='ocrx_word' id='word_1_139' title='bbox 486 1819 615 1859; x_wconf 85' lang='grc' dir='ltr'>λείπει</span> <span class='ocrx_word' id='word_1_140' title='bbox 639 1817 683 1857; x_wconf 87' lang='grc' dir='ltr'>τὸ</span> <span class='ocrx_word' id='word_1_141' title='bbox 705 1817 931 1869; x_wconf 78' lang='grc' dir='ltr'>πρεσβύτης</span> 
     </span>
    </p>

    <p class='ocr_par' dir='ltr' id='par_1_25' title="bbox 191 1885 1734 1944">
     <span class='ocr_line' id='line_1_36' title="bbox 191 1885 1734 1944; baseline -0.002 -17"><span class='ocrx_word' id='word_1_142' title='bbox 191 1887 288 1942; x_wconf 80' lang='grc'><strong>638.</strong></span> <span class='ocrx_word' id='word_1_143' title='bbox 322 1885 484 1944; x_wconf 88' lang='grc' dir='ltr'>κύκησε]</span> <span class='ocrx_word' id='word_1_144' title='bbox 510 1885 673 1939; x_wconf 82' lang='grc' dir='ltr'>ἐτάραξε</span> <span class='ocrx_word' id='word_1_145' title='bbox 1686 1890 1734 1929; x_wconf 85' lang='grc'>25</span> 
     </span>
    </p>

    <p class='ocr_par' dir='ltr' id='par_1_26' title="bbox 193 1952 1158 2012">
     <span class='ocr_line' id='line_1_37' title="bbox 193 1952 1158 2012; baseline -0.003 -15"><span class='ocrx_word' id='word_1_146' title='bbox 193 1956 291 2011; x_wconf 83' lang='lat'><em>639.</em></span> <span class='ocrx_word' id='word_1_147' title='bbox 323 1953 552 2012; x_wconf 83' lang='grc' dir='ltr'>Πραμνείῳ]</span> <span class='ocrx_word' id='word_1_148' title='bbox 576 1957 732 2009; x_wconf 76' lang='grc' dir='ltr'>παλαιῷ</span> <span class='ocrx_word' id='word_1_149' title='bbox 908 1952 995 2010; x_wconf 87' lang='grc' dir='ltr'>κνῆ]</span> <span class='ocrx_word' id='word_1_150' title='bbox 1021 1954 1158 1994; x_wconf 87' lang='grc' dir='ltr'>ἔκοπτε</span> 
     </span>
    </p>

    <p class='ocr_par' dir='ltr' id='par_1_27' title="bbox 192 2021 913 2080">
     <span class='ocr_line' id='line_1_38' title="bbox 192 2021 913 2080; baseline -0.001 -17"><span class='ocrx_word' id='word_1_151' title='bbox 192 2024 290 2074; x_wconf 89' lang='grc'><strong>640.</strong></span> <span class='ocrx_word' id='word_1_152' title='bbox 322 2021 477 2080; x_wconf 88' lang='grc' dir='ltr'>κνήστι]</span> <span class='ocrx_word' id='word_1_153' title='bbox 500 2024 691 2077; x_wconf 83' lang='grc' dir='ltr'>μαχαιρίῳ</span> <span class='ocrx_word' id='word_1_154' title='bbox 716 2024 913 2077; x_wconf 79' lang='grc' dir='ltr'>τυροτόμῳ</span> 
     </span>
    </p>

    <p class='ocr_par' dir='ltr' id='par_1_28' title="bbox 192 2090 858 2148">
     <span class='ocr_line' id='line_1_39' title="bbox 192 2090 858 2148; baseline -0.005 -15"><span class='ocrx_word' id='word_1_155' title='bbox 192 2090 364 2148; x_wconf 83' lang='grc' dir='ltr'>ἄλφιτα]</span> <span class='ocrx_word' id='word_1_156' title='bbox 387 2091 434 2132; x_wconf 85' lang='grc' dir='ltr'>τὰ</span> <span class='ocrx_word' id='word_1_157' title='bbox 455 2095 529 2132; x_wconf 91' lang='grc' dir='ltr'>τῶν</span> <span class='ocrx_word' id='word_1_158' title='bbox 550 2094 690 2143; x_wconf 84' lang='grc' dir='ltr'>κριθῶν</span> <span class='ocrx_word' id='word_1_159' title='bbox 711 2091 858 2143; x_wconf 82' lang='grc' dir='ltr'>ἄλευρα</span> 
     </span>
    </p>

    <p class='ocr_par' dir='ltr' id='par_1_29' title="bbox 193 2157 1569 2217">
     <span class='ocr_line' id='line_1_40' title="bbox 193 2157 1569 2217; baseline -0.002 -16"><span class='ocrx_word' id='word_1_160' title='bbox 193 2161 289 2211; x_wconf 87' lang='grc'><strong>641.</strong></span> <span class='ocrx_word' id='word_1_161' title='bbox 321 2158 521 2217; x_wconf 86' lang='grc' dir='ltr'>ὥπλισσε]</span> <span class='ocrx_word' id='word_1_162' title='bbox 544 2160 732 2211; x_wconf 87' lang='grc' dir='ltr'>ἡτοίμασε</span> <span class='ocrx_word' id='word_1_163' title='bbox 907 2159 1006 2209; x_wconf 87' lang='grc'><strong>642.</strong></span> <span class='ocrx_word' id='word_1_164' title='bbox 1038 2157 1311 2215; x_wconf 84' lang='grc' dir='ltr'>πολυκαγκέα]</span> <span class='ocrx_word' id='word_1_165' title='bbox 1336 2158 1569 2211; x_wconf 80' lang='grc' dir='ltr'>ξηραντικήν</span> 
     </span>
    </p>

    <p class='ocr_par' dir='ltr' id='par_1_30' title="bbox 193 2226 1734 2285">
     <span class='ocr_line' id='line_1_41' title="bbox 193 2226 1734 2285; baseline -0.002 -16"><span class='ocrx_word' id='word_1_166' title='bbox 193 2230 291 2283; x_wconf 89' lang='grc'><strong>647.</strong></span> <span class='ocrx_word' id='word_1_167' title='bbox 323 2226 522 2285; x_wconf 88' lang='grc' dir='ltr'>ἀναίνετο]</span> <span class='ocrx_word' id='word_1_168' title='bbox 547 2229 756 2279; x_wconf 84' lang='grc' dir='ltr'>ἀπηρνεῖτο</span> <span class='ocrx_word' id='word_1_169' title='bbox 1684 2242 1734 2278; x_wconf 80' lang='grc' dir='ltr'>3ο</span> 
     </span>
    </p>

    <p class='ocr_par' dir='ltr' id='par_1_31' title="bbox 193 2295 1496 2353">
     <span class='ocr_line' id='line_1_42' title="bbox 193 2295 1496 2353; baseline -0.003 -15"><span class='ocrx_word' id='word_1_170' title='bbox 193 2298 292 2349; x_wconf 90' lang='grc'><strong>648,</strong></span> <span class='ocrx_word' id='word_1_171' title='bbox 324 2299 397 2352; x_wconf 85' lang='grc' dir='ltr'>οὐχ</span> <span class='ocrx_word' id='word_1_172' title='bbox 418 2299 503 2340; x_wconf 81' lang='grc' dir='ltr'>ἕδος</span> <span class='ocrx_word' id='word_1_173' title='bbox 524 2295 631 2353; x_wconf 86' lang='grc' dir='ltr'>ἐστί]</span> <span class='ocrx_word' id='word_1_174' title='bbox 654 2296 721 2336; x_wconf 83' lang='grc' dir='ltr'>οὐκ</span> <span class='ocrx_word' id='word_1_175' title='bbox 743 2297 826 2336; x_wconf 89' lang='grc' dir='ltr'>ἔστι</span> <span class='ocrx_word' id='word_1_176' title='bbox 849 2295 978 2348; x_wconf 87' lang='grc' dir='ltr'>καιρὸς</span> <span class='ocrx_word' id='word_1_177' title='bbox 1001 2299 1069 2336; x_wconf 85' lang='grc' dir='ltr'>νῦν</span> <span class='ocrx_word' id='word_1_178' title='bbox 1089 2312 1154 2346; x_wconf 91' lang='grc' dir='ltr'>μοι</span> <span class='ocrx_word' id='word_1_179' title='bbox 1177 2298 1244 2335; x_wconf 85' lang='grc' dir='ltr'>τοῦ</span> <span class='ocrx_word' id='word_1_180' title='bbox 1267 2295 1496 2344; x_wconf 79' lang='grc' dir='ltr'>καθέζεσθαι</span> 
     </span>
    </p>

    <p class='ocr_par' dir='ltr' id='par_1_32' title="bbox 193 2361 1528 2423">
     <span class='ocr_line' id='line_1_43' title="bbox 193 2361 1528 2423; baseline -0.001 -17"><span class='ocrx_word' id='word_1_181' title='bbox 193 2367 292 2420; x_wconf 87' lang='grc'><strong>649.</strong></span> <span class='ocrx_word' id='word_1_182' title='bbox 324 2364 488 2423; x_wconf 83' lang='grc' dir='ltr'>αἰδοῖος]</span> <span class='ocrx_word' id='word_1_183' title='bbox 514 2367 643 2408; x_wconf 83' lang='grc' dir='ltr'>αἰδοῦς</span> <span class='ocrx_word' id='word_1_184' title='bbox 664 2363 771 2415; x_wconf 82' lang='grc' dir='ltr'>ἄξιος</span> <span class='ocrx_word' id='word_1_185' title='bbox 947 2361 1181 2420; x_wconf 86' lang='grc' dir='ltr'>νεμεσητός]</span> <span class='ocrx_word' id='word_1_186' title='bbox 1206 2367 1276 2404; x_wconf 85' lang='grc' dir='ltr'>νῦν</span> <span class='ocrx_word' id='word_1_187' title='bbox 1298 2364 1528 2414; x_wconf 80' lang='grc' dir='ltr'>φιλόψογος</span> 
     </span>
    </p>

    <p class='ocr_par' dir='ltr' id='par_1_33' title="bbox 194 2429 1632 2491">
     <span class='ocr_line' id='line_1_44' title="bbox 194 2429 1632 2491; baseline -0.005 -15"><span class='ocrx_word' id='word_1_188' title='bbox 194 2435 293 2488; x_wconf 86' lang='grc'><strong>656.</strong></span> <span class='ocrx_word' id='word_1_189' title='bbox 325 2433 583 2491; x_wconf 87' lang='grc' dir='ltr'>ὀλοφύρεται]</span> <span class='ocrx_word' id='word_1_190' title='bbox 608 2435 798 2486; x_wconf 85' lang='grc' dir='ltr'>οἷκτείρει,</span> <span class='ocrx_word' id='word_1_191' title='bbox 821 2434 928 2474; x_wconf 86' lang='grc' dir='ltr'>ἐλεεῖ</span> <span class='ocrx_word' id='word_1_192' title='bbox 1101 2432 1200 2484; x_wconf 88' lang='grc'><strong>667.</strong></span> <span class='ocrx_word' id='word_1_193' title='bbox 1234 2429 1384 2487; x_wconf 88' lang='grc' dir='ltr'>ἀέκητι]</span> <span class='ocrx_word' id='word_1_194' title='bbox 1409 2430 1632 2483; x_wconf 76' lang='grc' dir='ltr'>ἀβουλησίᾳ</span> 
     </span>
    </p>

    <p class='ocr_par' dir='ltr' id='par_1_34' title="bbox 195 2502 710 2561">
     <span class='ocr_line' id='line_1_45' title="bbox 195 2502 710 2561; baseline 0.004 -17"><span class='ocrx_word' id='word_1_195' title='bbox 195 2504 293 2546; x_wconf 90' lang='grc'><strong>668.</strong></span> <span class='ocrx_word' id='word_1_196' title='bbox 327 2502 544 2561; x_wconf 86' lang='grc' dir='ltr'>ἐπισχερώ]</span> <span class='ocrx_word' id='word_1_197' title='bbox 568 2505 710 2556; x_wconf 80' lang='grc' dir='ltr'>ἐφεξῆς</span> 
     </span>
    </p>

    <p class='ocr_par' dir='ltr' id='par_1_35' title="bbox 194 2569 1733 2628">
     <span class='ocr_line' id='line_1_46' title="bbox 194 2569 1733 2628; baseline -0.005 -15"><span class='ocrx_word' id='word_1_198' title='bbox 194 2574 293 2626; x_wconf 89' lang='grc'><strong>672.</strong></span> <span class='ocrx_word' id='word_1_199' title='bbox 325 2574 425 2625; x_wconf 84' lang='grc' dir='ltr'>ἀμφὶ</span> <span class='ocrx_word' id='word_1_200' title='bbox 444 2569 664 2628; x_wconf 84' lang='grc' dir='ltr'>βοηλασίῃ]</span> <span class='ocrx_word' id='word_1_201' title='bbox 688 2572 774 2622; x_wconf 84' lang='grc' dir='ltr'>περὶ</span> <span class='ocrx_word' id='word_1_202' title='bbox 794 2574 903 2622; x_wconf 91' lang='grc' dir='ltr'>βοῶν</span> <span class='ocrx_word' id='word_1_203' title='bbox 925 2571 1123 2624; x_wconf 70' lang='grc' dir='ltr'>ἀπελασία</span> <span class='ocrx_word' id='word_1_204' title='bbox 1683 2580 1733 2619; x_wconf 82' lang='grc'>35</span> 
     </span>
    </p>

    <p class='ocr_par' dir='ltr' id='par_1_36' title="bbox 195 2636 1345 2696">
     <span class='ocr_line' id='line_1_47' title="bbox 195 2636 1345 2696; baseline -0.002 -16"><span class='ocrx_word' id='word_1_205' title='bbox 195 2641 293 2694; x_wconf 91' lang='lat'><strong>674.</strong></span> <span class='ocrx_word' id='word_1_206' title='bbox 323 2641 422 2693; x_wconf 82' lang='grc' dir='ltr'>ῥύσι’</span> <span class='ocrx_word' id='word_1_207' title='bbox 445 2637 725 2696; x_wconf 87' lang='grc' dir='ltr'>ἐλαυνόμενος]</span> <span class='ocrx_word' id='word_1_208' title='bbox 750 2639 835 2679; x_wconf 86' lang='grc' dir='ltr'>ἀντὶ</span> <span class='ocrx_word' id='word_1_209' title='bbox 855 2642 922 2679; x_wconf 85' lang='grc' dir='ltr'>τοῦ</span> <span class='ocrx_word' id='word_1_210' title='bbox 945 2636 1108 2691; x_wconf 90' lang='grc' dir='ltr'>ἐνέχυρα</span> <span class='ocrx_word' id='word_1_211' title='bbox 1128 2637 1345 2689; x_wconf 82' lang='grc' dir='ltr'>λαμβάνων</span> 
     </span>
    </p>

    <p class='ocr_par' dir='ltr' id='par_1_37' title="bbox 196 2705 1660 2766">
     <span class='ocr_line' id='line_1_48' title="bbox 196 2705 1660 2766; baseline -0.001 -18"><span class='ocrx_word' id='word_1_212' title='bbox 196 2710 295 2761; x_wconf 88' lang='grc'><strong>676.</strong></span> <span class='ocrx_word' id='word_1_213' title='bbox 326 2707 579 2766; x_wconf 86' lang='grc' dir='ltr'>περίτρεσαν]</span> <span class='ocrx_word' id='word_1_214' title='bbox 599 2708 747 2761; x_wconf 83' lang='grc' dir='ltr'>ἔφυγον</span> <span class='ocrx_word' id='word_1_215' title='bbox 767 2709 803 2749; x_wconf 82' lang='grc' dir='ltr'>οἱ</span> <span class='ocrx_word' id='word_1_216' title='bbox 822 2707 907 2761; x_wconf 83' lang='grc' dir='ltr'>περὶ</span> <span class='ocrx_word' id='word_1_217' title='bbox 928 2707 1045 2748; x_wconf 85' lang='grc' dir='ltr'>αὐτὸν</span> <span class='ocrx_word' id='word_1_218' title='bbox 1062 2708 1134 2760; x_wconf 85' lang='lat' dir='ltr'>(sic</span> <span class='ocrx_word' id='word_1_219' title='bbox 1148 2708 1211 2748; x_wconf 83' lang='lat' dir='ltr'>ed.</span> <span class='ocrx_word' id='word_1_220' title='bbox 1228 2707 1419 2747; x_wconf 80' lang='lat' dir='ltr'>Romana</span> <span class='ocrx_word' id='word_1_221' title='bbox 1436 2722 1445 2747; x_wconf 73' lang='grc' dir='ltr'>ε</span> <span class='ocrx_word' id='word_1_222' title='bbox 1469 2706 1587 2747; x_wconf 85' lang='grc' dir='ltr'>αὐτοῦ</span> <span class='ocrx_word' id='word_1_223' title='bbox 1602 2705 1660 2756; x_wconf 93' lang='lat' dir='ltr'>A)</span> 
     </span>
    </p>

    <p class='ocr_par' dir='ltr' id='par_1_38' title="bbox 196 2774 1078 2834">
     <span class='ocr_line' id='line_1_49' title="bbox 196 2774 1078 2834; baseline 0 -17"><span class='ocrx_word' id='word_1_224' title='bbox 196 2778 294 2830; x_wconf 90' lang='lat'><em>677.</em></span> <span class='ocrx_word' id='word_1_225' title='bbox 325 2775 461 2834; x_wconf 83' lang='grc' dir='ltr'>ληΐδα]</span> <span class='ocrx_word' id='word_1_226' title='bbox 485 2776 643 2829; x_wconf 86' lang='grc' dir='ltr'>λάφυρα</span> <span class='ocrx_word' id='word_1_227' title='bbox 815 2774 952 2833; x_wconf 89' lang='grc' dir='ltr'>ἤλιθα]</span> <span class='ocrx_word' id='word_1_228' title='bbox 976 2775 1078 2818; x_wconf 89' lang='grc' dir='ltr'>πάνυ</span> 
     </span>
    </p>

    <p class='ocr_par' dir='ltr' id='par_1_39' title="bbox 196 2844 891 2902">
     <span class='ocr_line' id='line_1_50' title="bbox 196 2844 891 2902; baseline 0.003 -17"><span class='ocrx_word' id='word_1_229' title='bbox 196 2845 295 2888; x_wconf 89' lang='grc'><strong>682.</strong></span> <span class='ocrx_word' id='word_1_230' title='bbox 325 2844 524 2902; x_wconf 83' lang='grc' dir='ltr'>Νηλήϊον]</span> <span class='ocrx_word' id='word_1_231' title='bbox 548 2845 618 2896; x_wconf 82' lang='grc' dir='ltr'>τὴν</span> <span class='ocrx_word' id='word_1_232' title='bbox 638 2849 707 2886; x_wconf 83' lang='grc' dir='ltr'>τοῦ</span> <span class='ocrx_word' id='word_1_233' title='bbox 727 2845 891 2896; x_wconf 86' lang='grc' dir='ltr'>Νηλέως</span> 
     </span>
    </p>

    <p class='ocr_par' dir='ltr' id='par_1_40' title="bbox 197 2912 1734 2971">
     <span class='ocr_line' id='line_1_51' title="bbox 197 2912 1734 2971; baseline 0.001 -18"><span class='ocrx_word' id='word_1_234' title='bbox 197 2914 294 2969; x_wconf 80' lang='lat'><em>683.</em></span> <span class='ocrx_word' id='word_1_235' title='bbox 327 2913 516 2970; x_wconf 85' lang='grc' dir='ltr'>ἐννύχιοι]</span> <span class='ocrx_word' id='word_1_236' title='bbox 541 2916 601 2955; x_wconf 78' lang='grc' dir='ltr'>διὰ</span> <span class='ocrx_word' id='word_1_237' title='bbox 615 2917 681 2966; x_wconf 86' lang='grc' dir='ltr'>τῆς</span> <span class='ocrx_word' id='word_1_238' title='bbox 697 2915 832 2956; x_wconf 88' lang='grc' dir='ltr'>νυκτός</span> <span class='ocrx_word' id='word_1_239' title='bbox 922 2914 1018 2966; x_wconf 91' lang='grc'><strong>685.</strong></span> <span class='ocrx_word' id='word_1_240' title='bbox 1042 2912 1261 2971; x_wconf 87' lang='grc' dir='ltr'>ἐλίγαινον]</span> <span class='ocrx_word' id='word_1_241' title='bbox 1283 2913 1514 2966; x_wconf 85' lang='grc' dir='ltr'>ἐκήρυσσον,</span> <span class='ocrx_word' id='word_1_242' title='bbox 1535 2914 1663 2965; x_wconf 86' lang='grc' dir='ltr'>ἐβόων</span> <span class='ocrx_word' id='word_1_243' title='bbox 1684 2925 1734 2959; x_wconf 90' lang='lat'>40</span> 
     </span>
    </p>

    <p class='ocr_par' dir='ltr' id='par_1_41' title="bbox 197 2981 1617 3039">
     <span class='ocr_line' id='line_1_52' title="bbox 197 2981 1617 3039; baseline 0 -17"><span class='ocrx_word' id='word_1_244' title='bbox 197 2982 294 3024; x_wconf 88' lang='lat'><em>686.</em></span> <span class='ocrx_word' id='word_1_245' title='bbox 326 2983 412 3026; x_wconf 80' lang='grc' dir='ltr'>τοὺς</span> <span class='ocrx_word' id='word_1_246' title='bbox 434 2981 537 3039; x_wconf 84' lang='grc' dir='ltr'>ἴμεν]</span> <span class='ocrx_word' id='word_1_247' title='bbox 561 2984 709 3027; x_wconf 89' lang='grc' dir='ltr'>τούτοις</span> <span class='ocrx_word' id='word_1_248' title='bbox 729 2987 906 3035; x_wconf 86' lang='grc' dir='ltr'>παρεῖναι</span> <span class='ocrx_word' id='word_1_249' title='bbox 929 2985 1172 3036; x_wconf 83' lang='grc' dir='ltr'>συλλεγῆναι</span> <span class='ocrx_word' id='word_1_250' title='bbox 1609 2993 1617 3000; x_wconf 97' lang='grc'><strong>’</strong></span> 
     </span>
    </p>
   </div>
  </div>
 </body>
</html>
