1974 3305
52 257 145 299 162.
192 256 232 297 6.

168 338 217 380 13

52 393 145 449 163.
195 407 231 435 1.

191 543 220 581 4

167 611 233 648 14.

54 667 148 718 164.
195 679 220 720 9

173 2601 242 2643 34·

62 2668 155 2710 174.
202 2657 241 2697 6.

177 2737 242 2767 12.

177 2875 243 2913 14.

178 2930 243 2972 16.

656 154 880 192 ΙΛΙΑΔΟΣ

265 258 482 297 δεινωτοῖσι
503 255 694 309 λέχεσσιν

224 357 232 366 .
265 324 322 366 ἐνὶ
345 323 558 376 στήθεσσιν
579 325 683 375 ὄρινε
707 339 716 344 ’

263 395 401 435 οὕνεκα
426 393 471 443 δὴ
500 395 568 434 νῦν
592 395 676 433 δῖον
702 390 846 442 Ἀλέξ-

304 465 444 513 ανδρον

224 563 233 571 .
263 530 338 581 ἧσο
359 528 446 581 παρ’
471 528 596 570 αὐτῶν
618 529 733 569 ἰοῦσα

263 597 316 649 μή
337 597 378 648 μ’
402 597 509 649 ἔρεθε
531 596 690 650 σχέτλιε

226 699 235 708 .
267 668 309 708 ἐκ
329 665 501 716 πολέμου

225 767 234 776 .
266 734 358 776 ἀλλ’
377 736 430 775 ἵθι
453 737 523 775 νῦν

225 836 233 844 .
264 803 368 855 πάρα
387 804 463 855 γὰρ
485 803 565 843 θεοὶ
588 803 668 843 εἰσί

225 904 233 913 .
265 872 315 914 ὥς
336 889 406 912 σεο
426 875 495 913 νῦν
517 872 654 924 ἔραμαι

212 973 220 982 .
254 941 338 992 νίκη
357 942 430 991 μὲν
452 941 497 991 δὴ
519 939 670 993 φαίνετ’

358 1058 406 1094 Δ.
459 1055 542 1106 (4)

227 1178 236 1186 .
267 1146 365 1196 μετὰ
385 1144 428 1185 δέ
447 1149 565 1195 σφισι

227 1246 235 1254 .
267 1214 370 1255 ὅπως
392 1213 502 1254 ἔσται
522 1213 613 1253 τάδε
636 1213 730 1265 ἔργα

227 1315 235 1324 .
267 1282 434 1333 πλησίαι
455 1282 499 1322 αἵ
516 1281 554 1333 γ’
575 1282 701 1332 ἥσθην

227 1383 235 1392 .
265 1350 351 1402 ἤτοι
374 1350 559 1401 Ἀθηναίη

227 1452 235 1461 .
269 1421 358 1471 ἱδρῶ
380 1419 414 1460 θ’
437 1418 482 1460 ὃν
508 1420 656 1471 ἵδρωσα

226 1521 234 1529 .
267 1489 395 1529 τόσσα
416 1488 513 1528 κακὰ
533 1488 709 1540 ῥέζουσιν

227 1589 235 1598 .
269 1557 330 1597 καὶ
351 1556 425 1609 γὰρ
448 1557 523 1609 ἐγώ
546 1573 611 1597 σοι
632 1559 733 1597 δῶκα

224 1658 232 1666 .
263 1625 367 1666 τάων
385 1642 450 1676 μοι
471 1625 558 1677 περὶ
581 1627 664 1676 κῆρι

228 1727 236 1735 .
268 1695 336 1736 τὰς
357 1694 561 1746 διαπέρσαι

228 1796 236 1804 .
269 1764 377 1814 εἴπερ
396 1764 471 1815 γὰρ
492 1761 650 1814 φθονέω
671 1779 714 1803 τε

229 1864 237 1872 .
271 1832 336 1872 καί
352 1848 399 1881 με
420 1831 696 1883 πρεσβυτάτην
736 1834 738 1836 ’

230 1932 238 1940 .
271 1900 490 1952 ἀμφότερον
510 1899 624 1955 γενεῇ

229 2001 236 2009 .
270 1968 319 2008 σὺ
336 1970 377 2009 δὲ
391 1971 543 2009 θᾶσσον
558 1966 745 2025 Ἀθηναίῃ
768 1970 850 2010 ἐπι-

310 2041 437 2077 τεῖλαι

272 2107 307 2147 εἴ
324 2122 398 2146 που
421 2107 578 2157 ἐφεύροι

229 2208 237 2216 .
270 2177 340 2216 κὰδ
363 2177 395 2215 δ’
417 2173 520 2225 ἔθορ’
541 2176 579 2217 ἐς
600 2174 754 2225 μέσσον

231 2276 239 2285 .
270 2243 433 2285 ἔσσεται

230 2345 238 2354 .
269 2313 406 2364 τλαίης
443 2329 509 2353 κεν
539 2311 732 2365 Μενελάῳ
770 2313 852 2353 ἐπι-

311 2381 477 2434 προέμεν

232 2483 241 2492 .
272 2454 341 2491 τοῦ
363 2467 428 2492 κεν
449 2451 494 2501 δὴ
516 2450 732 2502 πάμπρωτα

232 2552 240 2560 .
272 2518 362 2570 παρ’
388 2519 522 2571 ἀγλαὰ
543 2521 646 2570 δῶρα

274 2588 295 2628 ὁ
315 2587 350 2628 δ’
371 2588 505 2630 ὕπτιος

275 2657 580 2708 ἑκκαιδεκάδωρα

275 2725 337 2766 καὶ
357 2724 402 2765 τὸ
427 2726 500 2776 μὲν
521 2726 562 2766 εὖ
585 2724 767 2775 κατέθηκε
787 2741 853 2764 τα-

313 2793 557 2845 νυσσάμενος

275 2862 363 2903 ποτὶ
383 2863 474 2918 γαίῃ
495 2863 680 2915 ἀγκλίνας

275 2930 432 2982 ἄβλητα
473 2932 682 2983 πτερόεντα
717 2934 851 2981 μελαι-

319 3000 415 3040 νέων

926 155 974 192 Δ.
1020 151 1101 204 (4)

916 265 1009 310 175.
1060 269 1095 296 1.

1032 336 1096 366 12.

919 802 1012 854 176.
1058 816 1098 853 4.

919 881 1012 923 177.

920 1143 1013 1196 178.

922 1223 1014 1265 179.

923 1556 1014 1596 180.
1066 1569 1100 1596 1.

926 2034 1016 2074 181.
1064 2047 1102 2087 9.

926 2241 1017 2283 182.

926 2381 1019 2436 183.
1070 2394 1105 2421 1.

928 2929 1021 2980 184.
1073 2942 1108 2969 1.

1624 148 1704 188 351

1128 253 1310 295 ἀθάνατοι

1129 322 1232 363 Dele
1253 321 1494 363 asteriscum
1507 324 1605 362 ante
1622 322 1706 373 ἔρυ-

1169 409 1223 443 μα
1238 390 1447 445 positum:
1469 405 1567 431 nam
1588 390 1706 431 seho-

1169 459 1258 500 lion
1278 463 1340 500 esi:
1361 459 1591 513 marginale
1612 473 1708 499 cum

1170 528 1365 568 lemmate
1408 529 1542 580 μίτρης
1587 528 1620 567 θ’
1660 526 1708 577 ἢν

1173 597 1308 649 ἐφόρει
1331 597 1450 648 ἔρυμα

1130 666 1344 716 ἀκρότατον
1365 664 1398 704 δ’
1421 663 1480 716 ἄρ’

1090 767 1097 775 .
1130 734 1266 774 αὐτίκα
1287 733 1318 774 δ’
1345 733 1475 786 ἔρρεεν
1497 734 1591 785 αἷμα

1132 804 1181 844 ὡς
1203 802 1233 842 δ’
1257 804 1321 843 ὅτε
1346 804 1402 845 τίς
1423 801 1454 842 τ’
1483 802 1680 855 ἐλέφαντα

1133 871 1175 911 ἔκ
1196 888 1238 912 τε
1259 872 1321 912 καὶ
1343 870 1422 924 ὀψὲ
1443 875 1552 912 τελεῖ

1091 972 1099 980 .
1132 939 1291 980 ἔσσεται
1312 939 1414 992 ἧμαρ

1133 1009 1380 1064 ἐπισσείῃσιν
1401 1024 1481 1050 om.

1092 1108 1099 1116 .
1133 1077 1195 1116 καὶ
1219 1080 1358 1129 μοῖραν
1380 1077 1608 1133 ἀναπλήσῃς

1136 1144 1240 1195 ζῶμά
1260 1162 1302 1186 τε
1324 1146 1384 1186 καὶ
1405 1146 1544 1198 μίτρην

1093 1246 1100 1253 .
1134 1215 1239 1265 ὄφρα
1259 1216 1318 1264 ἴδῃ
1342 1214 1549 1255 Μενέλαον

1134 1281 1334 1322 Deleatur
1347 1283 1566 1323 asteriscus
1582 1299 1589 1323 :
1612 1298 1711 1324 nam

1174 1350 1359 1391 scholion
1380 1355 1442 1392 est
1464 1351 1706 1406 marginale.

1094 1452 1100 1459 .
1135 1420 1284 1469 ἔβαλεν
1305 1434 1386 1460 om.

1094 1520 1101 1528 .
1134 1487 1185 1529 ὣς
1207 1488 1308 1540 φάτο

1132 1556 1329 1607 βλήμενος
1354 1557 1402 1607 ἦν

1098 1657 1105 1664 .
1139 1623 1312 1674 κυκλόσ’,
1356 1627 1375 1665 ὁ
1412 1625 1444 1665 δ’
1479 1627 1520 1666 ἐν
1558 1626 1716 1676 μέσοισι

1177 1694 1393 1744 παρίστατο

1095 1793 1102 1800 .
1135 1764 1202 1800 τοῦ
1233 1760 1263 1800 δ’
1297 1759 1566 1813 ἐξελκομένοιο
1596 1763 1717 1803 πάλιν

1177 1830 1272 1881 ἄγεν

1137 1898 1241 1949 ζῶμά
1261 1916 1302 1939 τε

1095 1999 1103 2007 .
1137 1967 1232 2007 κατὰ
1255 1981 1335 2008 om.

1135 2034 1213 2076 ἔνθ’
1235 2035 1302 2076 οὐκ
1325 2036 1374 2076 ἄν

1096 2136 1104 2144 .
1138 2106 1204 2144 καί
1219 2103 1261 2156 ῥ’
1284 2104 1348 2147 οὓς
1368 2105 1440 2155 μὲν
1462 2106 1698 2147 σπεύδοντας

1097 2205 1105 2213 .
1137 2173 1181 2213 οὐ
1201 2175 1276 2225 γὰρ
1296 2173 1359 2214 ἐπὶ
1378 2174 1573 2226 ψεύδεσσι

1096 2273 1104 2281 .
1137 2242 1180 2280 αἵ
1201 2240 1232 2280 τ’
1257 2242 1341 2282 ἐπεὶ
1362 2242 1429 2282 οὖν

1098 2343 1105 2350 .
1136 2308 1352 2360 Ἰδομενεὺς
1371 2311 1442 2360 μέν

1137 2379 1293 2430 δαιτρὸν
1315 2381 1479 2420 πίνωσιν

1098 2482 1106 2490 .
1139 2449 1220 2490 ἐπεὶ
1242 2448 1315 2489 σύν
1335 2446 1372 2501 γ’
1395 2447 1487 2500 ὅρκι’
1513 2448 1653 2516 ἔχευαν

1098 2550 1106 2558 .
1137 2516 1377 2569 μελάντερον
1398 2515 1487 2567 ἠΰτε
1509 2518 1635 2558 πίσσα

1099 2619 1106 2627 .
1138 2586 1190 2640 τῷ
1214 2586 1256 2626 δέ
1277 2585 1307 2625 τ’
1329 2586 1487 2627 ἄνευθεν
1509 2587 1603 2627 ἰόντι

1099 2688 1106 2695 .
1137 2654 1300 2707 ῥίγησέν
1321 2671 1362 2694 τε
1384 2656 1475 2694 ἰδών

1099 2756 1106 2764 .
1141 2722 1304 2763 σάκεσιν
1325 2737 1404 2763 om.

1105 2824 1112 2832 .
1145 2790 1333 2843 Ἀργείων
1353 2805 1433 2831 om.

1101 2893 1109 2901 .
1142 2863 1249 2912 σφῶϊ
1267 2860 1338 2910 μέν

1142 2928 1241 2979 ἀμφὶ
1261 2928 1383 2980 μέγαν
1406 2928 1643 2981 Πελάγοντα

1101 3031 1107 3037 .
1141 2997 1242 3038 πολὺ
1265 2997 1450 3049 φέρτεροι*
