1974 3305
639 138 864 176 ΙΛῙΑΔΟΣ
906 138 950 185 Γ,
975 140 1025 176 Δ.
1067 130 1225 189 (3,4)’
1608 135 1692 174 313

220 237 320 292 438.
352 234 605 293 ἀγειρόντων]
640 238 724 278 ἀντὶ
745 241 813 277 τοῦ
834 238 1099 290 ἆγειρέτωσαν
1135 231 1137 233 ’

220 318 319 357 440.
352 303 570 362 ἐγείρομεν]
601 306 687 346 ἀντὶ
707 309 775 345 τοῦ
801 307 1011 358 ἐγείρωμεν

220 384 318 427 447.
352 371 541 431 ἐρίτιμον]
569 376 835 426 μεγαλότιμον

221 442 319 493 604.
351 444 539 483 Αἰπύτιον
561 444 662 494 παρὰ
683 440 853 499 τύμβον]
887 446 954 482 τοῦ
979 444 1193 495 Αἰγυπτίου

222 519 318 564 739.
352 507 557 567 Ἠλώνην]
591 511 640 552 ὧς
662 511 855 561 Μεθώνην
1716 521 1738 560 5

222 579 318 632 765.
351 577 556 636 σταφύλῃ]
585 581 605 620 ὁ
624 574 815 632 παροξυΐὲ.
860 577 1090 633 (Vocabulo
1110 578 1369 630 παροξυσμὸς,
1384 576 1493 631 quod
1514 576 1696 618 alienum

160 646 214 688 ab
235 647 314 688 hoc
338 646 424 688 loeo
446 650 522 698 est,
544 647 679 689 utitur
705 647 936 698 scholiasta,
954 647 1032 689 vol.
1053 659 1076 689 2
1094 662 1135 701 p.
1155 648 1248 701 156,
1267 657 1305 700 5.
1328 646 1422 698 πρὸς
1443 646 1697 699 παροξυσμὸν

161 719 230 756 τοῦ
252 715 504 769 Ἀχιλλέως.)
648 716 702 757 In
727 716 919 771 margine
940 716 1106 772 διαβήτῃ

223 784 319 838 798.
347 784 465 835 ἦμέν
487 782 552 841 δὴ]
580 783 652 835 ἤδη
673 785 746 836 μέν
922 785 1018 836 814.
1053 781 1248 840 Μυρίνης]
1283 784 1405 834 ὄνομα

828 902 869 940 Γ.
930 901 943 952 (
966 899 992 938 3
1016 899 1030 951 )
1718 864 1767 889 10

219 999 288 1029 22.
323 989 537 1042 ἐρχόμενον
567 988 828 1041 προπάροιθεν
859 987 1017 1046 ὁμίλου]
1062 989 1107 1029 τὸ
1140 989 1404 1041 προπάροιθεν
1437 989 1575 1039 ὁμίλου
1611 987 1696 1038 ἤτοι

159 1059 241 1098 τοῖς
265 1057 394 1098 ἐπάνω
422 1057 662 1108 προσδοτέον
683 1056 706 1107 ἢ
727 1061 808 1100 τοῖς
841 1057 943 1108 ἑξῆς.
990 1057 1172 1109 Verba-⁷3
1200 1062 1281 1101 τοῖς
1314 1059 1400 1108 ἑξῆς
1429 1056 1568 1097 addidi
1600 1070 1696 1096 cum

160 1123 331 1174 Cobefio,
354 1128 397 1166 eb
423 1127 559 1166 totam
589 1125 901 1166 annotationem
932 1125 1042 1167 inter
1070 1125 1224 1167 scholia
1253 1126 1387 1179 recepi
1414 1141 1451 1180 p.
1474 1127 1565 1177 138,
1589 1139 1628 1181 3,
1651 1124 1695 1165 in

158 1193 310 1248 quibus
340 1193 577 1248 saepissime
608 1198 801 1235 monetur
830 1194 986 1249 aliquid
1008 1195 1031 1245 ἢ
1054 1199 1133 1237 τοῖς
1162 1195 1291 1236 ἐπάνω
1311 1195 1334 1246 ἢ
1356 1198 1436 1237 τοῖς
1459 1196 1545 1245 ἑξῆς
1570 1211 1694 1246 προσ-

159 1263 296 1304 δοτέον
321 1262 432 1304 εἶναι.
1718 1276 1765 1315 15

218 1341 286 1386 35.
319 1329 500 1388 παρειάς]
533 1334 828 1383 μεταπλασμός.
887 1332 1052 1386 Duplex
1088 1332 1170 1373 fuit
1206 1331 1424 1386 scriptura,
1456 1330 1618 1383 παρειάς
1653 1335 1695 1372 et

158 1400 311 1452 παρειά,
332 1401 382 1441 de
405 1415 485 1455 qua
505 1415 543 1441 V.
567 1400 723 1441 scholia
745 1404 787 1441 et
810 1401 871 1441 La
894 1400 1034 1442 Roche
1057 1401 1211 1443 Tarm-r.
1234 1417 1274 1456 p.
1299 1415 1322 1457 3
1328 1414 1396 1456 32.

217 1481 287 1523 49.
320 1467 431 1526 vvo'v]
462 1470 615 1520 νύμφην

218 1547 286 1591 55.
319 1538 361 1578 ἐν
383 1538 533 1594 κονίῃσι
553 1536 724 1594 μιγείης]
753 1539 835 1579 ἀντὶ
856 1542 924 1578 τοῦ
946 1539 1040 1579 ὅταν
1062 1538 1256 1594 συνέλθῃς
1283 1541 1334 1580 εἰς
1359 1538 1488 1592 μάχην

219 1618 285 1659 79.
318 1603 614 1662 ἐπετοξάζοντο]
648 1609 694 1646 τὰ
715 1607 811 1657 τόξα
833 1608 982 1648 ἔτεινον
1716 1626 1765 1652 20

218 1674 285 1715 80.
307 1671 597 1731 τιτυσκόμενοι]
624 1676 1008 1729 καταστοχαζόμενοι
1101 1676 1167 1730 83.
1192 1673 1372 1732 στεῦται]
1393 1679 1693 1727 διαβεβαιοῦται

218 1755 314 1798 213.
347 1740 627 1800 ἐπιτροχάδην]
659 1745 859 1794 συντόμως
992 1756 1089 1800 391.
1120 1742 1359 1801 ὃεινωτοῖσι]
1388 1745 1694 1797 τετορνευμένοις

812 1862 861 1898 Δ.
926 1860 939 1911 (
963 1859 991 1897 4
1013 1859 1025 1911 )

221 1957 315 1987 121.
347 1943 597 2004 ἐπιπτέσθαι]
625 1948 812 1998 ἐμπεσεῖν
989 1959 1082 2004 155.
1116 1947 1302 2006 ἔταμνον]
1328 1950 1404 2002 ἐγὼ
1427 1951 1608 2000 δηλονότι

220 2026 313 2068 190.
347 2014 626 2072 ἐπιμάσσεται]
660 2017 908 2068 ψηλαφήσει,
933 2018 1134 2070 ἐφάψεται
1715 2015 1764 2054 ²5

218 2094 314 2125 212.
349 2084 500 2126 ἰσόθεος
522 2082 625 2141 φώς]
657 2086 677 2124 ὁ
701 2085 881 2138 Μαχάων

218 2163 314 2203 242.
349 2149 526 2208 ἰόμωροι]
559 2153 644 2204 περὶ
676 2153 721 2206 (τε.-
746 2153 802 2205 A)
832 2154 936 2204 βέλη
967 2155 1246 2207 μεμωρημένοι,
1280 2157 1471 2198 ἐπιπόνως
1503 2157 1692 2208 ἀναστρε-

159 2221 326 2272 φόμει·οι

215 2290 260 2330 οὔ
282 2305 328 2330 νυ
349 2288 539 2347 σέβεσθε]
574 2290 641 2331 οὐκ
664 2290 895 2342 ἐντρέπεσθε
1071 2301 1167 2344 274.
1201 2290 1340 2349 νέφος]
1374 2293 1579 2346 μεταφορά

218 2357 314 2400 282.
346 2357 590 2416 πεφρικυῖαι]
620 2360 913 2410 πεπυκνωμέναι
1714 2384 1765 2421 30

216 2427 313 2481 289.
344 2424 483 2485 θυμός]
512 2428 637 2469 πέσοι.
698 2427 977 2469 Referendum
999 2428 1052 2468 ad
1073 2429 1224 2481 γένοιτο

217 2496 312 2547 308.
345 2497 383 2536 οἱ
403 2494 603 2554 πρότεροι]
637 2499 674 2538 οἱ
694 2497 817 2538 πάλαι
994 2510 1090 2553 334.
1117 2495 1285 2555 πύργος]
1319 2500 1363 2550 τ-ξῖ
1385 2499 1518 2551 ἄνδρες

214 2564 312 2620 338.
345 2563 375 2605 ὦ
395 2566 454 2606 υἱὲ
476 2563 655 2622 Πετεῶο]
680 2566 749 2606 τὸν
771 2566 981 2607 Μενεσθέα

215 2642 313 2689 345.
344 2634 411 2684 ἠδὲ
437 2632 631 2691 κύπελλα]
662 2636 788 2675 λείπει
809 2635 852 2675 τὸ
875 2635 964 2676 ἐστί

216 2715 240 2757 3
245 2712 313 2756 59.
345 2700 573 2759 περιώσιον]
603 2703 794 2754 περιττὸν,
816 2704 1022 2758 ὑπερέχον,
1044 2709 1241 2758 περισσῶς
1712 2723 1763 2762 35

216 2772 313 2825 384.
346 2771 408 2811 ἐπὶ
428 2768 555 2828 Τυδῆ]
584 2771 627 2811 τὸ
653 2772 715 2812 ἐπὶ
743 2775 923 2824 περιττόν
944 2773 1240 2828 (subscriptum
1260 2773 1399 2815 versui
1421 2773 1492 2829 qui
1513 2773 1692 2829 paginae

157 2838 334 2879 ultimus
355 2840 433 2892 esis)

215 2920 312 2962 403.
343 2907 426 2950 υἱὸς
451 2905 680 2966 Καπανῆος]
705 2910 725 2949 ὁ
748 2909 939 2953 Σθένελος

214 2987 313 3031 433.
348 2975 645 3034 πολυπάμονος]
679 2978 968 3030 πολυκτήμονος
