1974 3305
253 141 335 181 342

784 134 1009 171 IAIAAOE
1051 133 1097 170 x.
1145 130 1257 181 (22)

900 271 948 308 x.
1010 266 1137 317 (22)

313 377 352 414 4.
385 360 495 419 ἴσαν]
528 359 788 413 παρεγένοντο

315 442 380 483 27.
414 427 535 486 εἶσιν]
570 429 735 476 ἄνεισιν,
759 426 969 467 ἀνατέλλει

313 512 381 554 43.
415 497 490 538 ἀπὸ
512 492 733 551 πραπίδων]
767 495 874 537 ἐντὸς
901 493 1024 548 (ἐκτὸς
1046 492 1240 547 Cobetus)
1269 491 1408 540 ἔσομαι
1435 493 1560 543 λύπης

314 581 383 619 44.
417 562 539 621 εὖνιν]
573 565 727 616 ἔρημον,
751 566 875 617 χῆρον
1035 570 1104 613 45.
1138 559 1298 618 περνάς]
1331 560 1560 614 πιπράσκων
1809 564 1831 602 5

315 635 383 688 58.
416 630 604 689 ἀμερθῇς]
636 634 823 688 στερηθῇς

316 713 383 757 59.
416 700 501 759 ἐμέ]
526 703 644 744 οὕτως
665 699 941 753 ὀρθοτονητέον
1058 696 1283 754 φρονέοντ’]
1301 701 1428 740 καλῶς
1450 715 1514 738 σοι
1530 698 1791 750 παραινοῦντα

317 773 384 813 60.
417 768 534 827 οὐδῷ]
568 771 620 824 τῷ
643 770 760 818 τέλει,
783 769 828 823 τῇ
851 767 971 822 ἐξόδῳ

316 841 384 881 66.
417 835 609 895 πύματον]
643 840 868 878 τελευταῖον
1025 835 1092 887 67.
1126 832 1326 891 ὠμησταί]
1352 834 1559 888 ὠμοφάγοι

317 909 384 962 69.
417 903 649 962 τραπεζῆας]
680 906 769 947 τοὺς
790 908 1042 957 παρεστῶτας
1063 905 1110 960 τῇ
1131 903 1297 959 τραπέζῃ
1815 911 1862 936 10

318 988 383 1029 70.
417 971 681 1030 ἀλύσσοντες]
716 974 1001 1024 ἀδημονοῦντες
1166 980 1232 1023 75.
1263 967 1376 1027 αἰδῶ]
1407 973 1455 1011 τὰ
1476 972 1603 1010 αἰδοῖα

318 1047 383 1101 83.
416 1041 648 1099 λαθικηδέα]
698 1042 766 1083 τὸν
813 1040 939 1092 λήθην
984 1043 1217 1092 ἐμποιοῦντα
1260 1044 1341 1082 τοῖς
1391 1040 1504 1080 παισὶ
1549 1043 1625 1079 τῶν
1669 1041 1794 1078 κακῶν

259 1115 441 1156 ἁπάντων

318 1196 385 1238 93.
417 1177 643 1236 ὀρέστερος]
677 1180 718 1219 ἐν
739 1180 820 1230 ὄρει
842 1179 1053 1230 διατρίβων

321 1263 414 1292 102.
447 1246 587 1306 ὤρετο]
633 1249 814 1298 ὥρμησεν
1013 1258 1106 1296 104.
1146 1241 1452 1300 ἀτασθαλίῃσιν]
1477 1243 1795 1297 φρενοβλαβίαις
1818 1250 1862 1287 Ῑ5

261 1319 430 1375 (rect-ius
451 1316 804 1370 φρενοβλαβείαις)

322 1402 414 1443 113.
448 1382 662 1441 ἀμύμονος]
686 1389 731 1440 τῇ
753 1384 907 1435 πατρίδι
928 1384 1108 1432 δηλονότι
1230 1394 1323 1437 123.
1357 1378 1515 1437 ἵκωμαι]
1541 1380 1723 1421 ἱκετεύσω

321 1469 414 1512 132.
447 1451 661 1510 Ἐνυαλίῳ]
695 1454 754 1493 ὅτι
775 1453 827 1507 τῷ
848 1450 973 1503 ”Αρε”ι“,
996 1454 1038 1491 eb
1058 1450 1263 1504 glossema
1283 1451 1334 1505 τῷ
1351 1449 1469 1501 Ἀρηϊ

322 1537 415 1577 149.
447 1520 590 1580 λιαρῷ]
625 1523 750 1576 θερμῷ
914 1528 1007 1572 151.
1041 1522 1164 1560 εἰκυῖα
1183 1516 1354 1574 χαλάζῃ]
1390 1518 1474 1559 ἀντὶ
1495 1521 1562 1558 τοῦ
1583 1515 1721 1570 ψυχρά

322 1603 416 1648 153.
447 1589 607 1647 πλυνοὶ]
641 1591 682 1630 ἐν
703 1590 758 1631 οἷς
780 1590 972 1629 πλύνουσι
1818 1593 1867 1617 20

323 1672 416 1714 159.
449 1660 537 1700 οὐδὲ
559 1654 718 1713 βοείην]
752 1658 796 1697 οὐ
817 1659 928 1707 θῦμα,
953 1656 996 1696 οὐ
1017 1656 1172 1707 βύρσαν

323 1729 416 1770 162.
449 1724 635 1783 τέρματα]
668 1726 756 1767 τοὺς
778 1726 999 1775 καμπτῆρας
1158 1723 1251 1777 163.
1283 1720 1482 1779 τρωχῶσι]
1515 1722 1683 1776 τρέχωσι

323 1797 417 1848 185.
450 1793 578 1851 ἐρώει]
612 1794 820 1846 ὑποχώρει,
844 1793 994 1833 ἐνδίδου
1116 1803 1209 1844 197.
1241 1789 1470 1847 παραφθάς]
1503 1791 1718 1843 προλαβών
1793 1819 1814 1833 ,

323 1878 417 1915 244.
450 1860 644 1919 φειδωλή]
678 1862 798 1914 φειδώ
964 1871 1058 1911 247.
1092 1857 1321 1916 κερδοσύνῃ]
1355 1861 1530 1914 πονηρίᾳ,
1555 1859 1681 1913 ἀπάτῃ

323 1943 417 1985 251.
451 1930 552 1988 δίον]
587 1932 775 1984 ἐδιώχθην
938 1938 1032 1983 253.
1066 1927 1223 1984 ἁλοίην]
1257 1929 1452 1980 ληφθείην
1818 1937 1865 1975 25

324 2011 417 2054 255.
450 1997 690 2056 ἁρμονιάων]
725 2001 924 2049 συνθηκῶν
1082 1998 1177 2038 261.
1211 1994 1382 2053 ἄλαστε]
1417 1995 1589 2049 ἀλιτήριε

323 2084 418 2125 301.
451 2068 528 2110 οὐδ’
552 2066 667 2125 ἀλέη]
702 2068 768 2107 οὐκ
790 2067 886 2116 ἔστι,
911 2067 1047 2119 φησὶν,
1070 2068 1252 2118 ἐκφυγεῖν

321 2152 417 2194 310.
451 2135 627 2194 ἀμαλήν]
653 2136 820 2186 ἁπαλὴν,
846 2135 1043 2188 τρυφεράν

321 2207 418 2263 328.
451 2202 706 2261 ἀσφάραγον]
740 2205 810 2256 τὴν
833 2204 1017 2257 φάρυγγα
1173 2216 1268 2259 332.
1303 2201 1454 2259 ὀπίζεο]
1488 2205 1621 2256 ὑφορῶ

322 2275 418 2331 346.
451 2274 566 2324 θυμὸς
588 2271 704 2329 ἀνήῃ]
738 2273 930 2324 προθυμία
956 2288 1005 2323 με
1027 2272 1220 2326 ἀναπείσῃ
1817 2281 1867 2318 3ο

321 2358 344 2399 3
349 2352 417 2396 51.
451 2339 684 2398 ἐρύσασθαι]
718 2340 803 2381 ἀντὶ
825 2344 892 2380 τοῦ
916 2341 1201 2392 ζυγοστατῆσαι

321 2412 417 2468 358-

449 2411 501 2462 μή
531 2411 594 2451 τοί
621 2427 657 2450 τι
688 2408 962 2460 θεῶν-μήνιμα
1002 2406 1196 2464 γένωμαι]
1242 2407 1294 2460 μή
1325 2425 1405 2450 πως
1435 2411 1501 2459 τῆς
1531 2410 1572 2450 ἐκ
1603 2411 1701 2449 θεῶν
1731 2425 1796 2449 σοι

264 2481 422 2532 βλάβης
443 2482 563 2522 αἴτιος
586 2482 763 2519 καταστῶ

321 2560 417 2604 370·

321 2630 418 2668 400.

323 2699 420 2736 441·

323 2767 420 2806 490-

323 2834 421 2873 491·

325 2902 420 2941 492-

449 2545 662 2604 θηήσαντο]
697 2548 923 2598 ἐθαύμασαν

450 2617 518 2657 οὐκ
539 2613 699 2672 ἄκοντε]
733 2614 818 2656 ἀντὶ
838 2618 905 2656 τοῦ
927 2616 1165 2665 βουλόμενοι
1818 2621 1866 2659 35

454 2686 574 2737 θρόνα
595 2683 736 2725 ποικίλ’
760 2681 959 2740 ἔπασσεν]
990 2683 1087 2734 ἄνθη
1110 2683 1269 2724 ποικίλα
1291 2684 1330 2734 ἐξ
1352 2684 1404 2724 ὧν
1424 2683 1621 2734 βάπτουσι

452 2750 728 2809 παναφήλικα]
762 2753 916 2793 πάντων
937 2752 1079 2804 ἔρημον
1099 2755 1175 2792 τῶν
1195 2752 1411 2803 ἡλικιωτῶν

453 2818 720 2877 ὑπεμνήμυκε]
746 2821 1046 2873 κατεστύγνακε,
1069 2819 1170 2860 κάτω
1191 2819 1334 2871 βλέπει

453 2887 675 2946 δευόμενος]
710 2889 840 2939 ἐνδεὴς
861 2888 915 2930 ὤν
1071 2897 1168 2941 495.
1201 2886 1338 2945 ἐδίην’]
1372 2888 1512 2941 ἔβρεξε

326 2955 518 3013 ὑπερῴην]
552 2959 618 2999 τὸν
643 2959 873 3009 οὐρανίσκοι·
1819 2973 1869 3006 40
