1974 3305
58 251 152 291 116.
201 250 238 290 8.

58 669 151 711 117.
199 671 238 711 9.

58 1003 151 1044 118.
199 1012 238 1054 5.

63 1841 156 1870 120.
204 1842 242 1883 3.

178 2252 246 2291 24.

65 2321 158 2352 121.
205 2309 245 2350 6.

181 2391 246 2433 13.

182 2455 246 2498 15.

183 2526 248 2568 17.

181 2596 248 2634 24.

181 2664 248 2704 29.

68 2733 162 2763 122.
214 2733 249 2761 1.

211 2799 249 2842 7.

664 150 890 189 hssAAOE
935 148 1107 199 B.(2)

273 253 424 302 Κρῖσαν
441 264 521 290 om.
538 253 579 290 eb
598 251 725 301 Κρίσα
741 249 851 303 quod

310 318 499 372 sequitur
553 317 597 358 in
655 318 850 358 lemmate

311 386 433 440 ponit

228 487 236 495 .
271 455 421 505 Κρῖσάν
440 472 483 495 τε
506 453 644 504 ζαθέην

228 556 236 564 .
268 522 359 564 οἵτ’
379 522 639 575 Ἀνεμώρειαν

230 623 238 632 .
270 593 396 647 πηγῇς
416 591 479 632 ε’πὶ
502 594 701 643 Κηφισοῖο

270 663 430 711 Λοκρῶν
451 658 484 700 δ’
505 660 740 710 ἡγεμόνευεν

227 760 235 768 .
266 730 387 779 μείων
407 729 488 768 οὔτι
511 730 626 770 τόσος
646 746 692 780 γε

229 829 237 837 .
271 797 375 837 ἀλλὰ
395 797 496 838 πολὺ
517 798 635 847 μείων

230 898 238 906 .
271 865 434 916 Βῆσσάν
453 882 494 906 τε

230 966 238 974 .
273 935 371 986 ἱερῆς
393 935 564 986 Εὐβοίης

270 1004 322 1058 τῷ
345 1007 377 1043 δ’
399 1003 464 1055 ἅμ’
486 1003 683 1055 Ἀβαντες

228 1105 237 1113 .
269 1073 452 1125 αἰχμηταὶ
471 1077 670 1124 μεμαῶτες

229 1173 237 1182 .
271 1143 306 1182 οἱ
327 1141 357 1182 δ’
381 1141 440 1193 ἄρ’
461 1140 630 1192 Ἀθήνας
652 1142 761 1195 εἶχον

228 1242 237 1251 .
269 1211 320 1264 τῷ
343 1209 376 1250 δ’
398 1211 504 1252 οὔπω
525 1227 582 1252 τις
603 1212 734 1261 ὁμοῖος

231 1312 238 1319 .
272 1281 366 1321 Αἴας
395 1277 426 1319 δ’
450 1281 491 1321 ἐκ
513 1283 737 1330 Σαλαμῖνος
758 1279 853 1331 ἄγεν

313 1349 539 1389 δυοκαίδεκα

230 1449 239 1458 .
272 1418 424 1459 ἰσόθεος
446 1418 529 1469 φώς

232 1517 240 1525 .
270 1485 449 1537 Ὀρνειάς
469 1486 502 1525 τ’

232 1587 240 1595 .
274 1554 485 1605 Πελλήνην
506 1553 539 1594 τ’
563 1555 671 1607 εἶχον

233 1655 240 1663 .
273 1623 455 1675 αἰγιαλόν
475 1622 506 1662 τ’
530 1624 603 1664 ἀνὰ
625 1623 752 1664 πάντα

233 1723 241 1731 .
273 1695 348 1731 τῶν
371 1691 506 1732 ἑκατὸν
528 1696 630 1742 νηῶν

234 1792 242 1801 .
275 1761 448 1810 κυδιόων,
467 1763 562 1800 πᾶσι
584 1761 626 1801 δέ

277 1830 438 1870 κυδιόων
459 1829 518 1869 ὅτι
539 1833 636 1870 πᾶσι

236 1929 244 1937 .
277 1898 400 1949 Φᾶρίν
420 1914 463 1938 τε
484 1899 666 1949 Σπάρτην
685 1916 726 1939 τε

236 1998 244 2005 .
278 1966 390 2018 (ante
415 1966 490 2019 ὅτι)
513 1967 791 2019 πολυτρήρωνά
815 1985 856 2008 τε

321 2034 487 2085 Μέσσην

236 2135 244 2143 .
277 2103 318 2143 οἵ
344 2119 385 2143 τε
416 2102 527 2143 Λάαν
558 2103 665 2157 εἶχον
694 2103 755 2154 ἠδ’
787 2105 857 2144 Οἴ-

316 2176 436 2213 τυλον

280 2241 343 2281 καὶ
365 2242 498 2293 Θρύον
519 2243 724 2294 Ἀλφειοῖο

278 2310 484 2360 ἀντόμεναι
507 2309 686 2361 Θάμυριν

276 2379 519 2432 Οἰχαλίηθεν
541 2380 646 2420 ἰόντα

279 2451 419 2488 στεῦτο
440 2449 514 2500 γὰρ
536 2448 745 2500 εὐχόμενος

281 2516 321 2556 αἱ
340 2517 383 2556 δὲ
401 2515 679 2569 χολωσάμεναι

280 2583 405 2636 πηρὸν
426 2583 546 2624 θέσαν

282 2652 344 2692 καὶ
365 2651 581 2693 ἐκλέλαθον
603 2653 827 2702 κιθαριστύν

280 2720 318 2760 οἳ
339 2719 370 2761 δ’
393 2719 486 2774 ἔχον
505 2719 713 2771 Ἀρκαδίην

280 2789 318 2830 οἳ
339 2790 489 2829 Φενεόν
508 2788 542 2829 τ’
565 2789 746 2839 ἐνέμοντο

185 2870 251 2907 10,
273 2869 337 2907 14.
360 2856 473 2898 αὐτὸς
495 2857 569 2909 γάρ
593 2863 691 2910 σφιν

186 2925 250 2966 16.

188 2992 251 3034 18.

283 2927 319 2965 οἱ
344 2924 377 2965 δ’
398 2925 471 2976 ἄρα
494 2926 738 2977 Βουπράσιον

285 2994 381 3034 ὅσον
403 2992 465 3045 ἐφ’
487 2992 651 3047 (Ύρμίνῃ

1635 148 1721 186 349

1097 282 1105 290 .
1137 250 1216 292 υἷες
1237 251 1257 290 ὁ
1278 249 1351 300 μὲν
1374 249 1546 290 Κτεάτου

1096 351 1104 359 .
1137 320 1174 358 οἱ
1196 318 1230 357 δ’
1257 319 1299 358 ἐκ
1322 319 1552 371 Δουλιχίοιο

926 399 1019 441 123.
1066 400 1106 441 3.

1094 487 1102 495 .
1137 457 1173 495 εἴ
1190 472 1286 495 ποτε
1309 456 1526 508 Δουλίχιον

1136 386 1251 438 πατρὶ
1272 387 1466 439 χολωθείς

1093 555 1102 563 .
1134 524 1174 563 οἵ
1191 539 1234 564 τε
1256 523 1456 563 Ζάκυνθον

1094 623 1102 631 .
1136 591 1180 631 οὐ
1202 593 1275 642 γὰρ
1299 590 1350 631 ἔτ’
1374 592 1519 641 Οἰνῆος

1097 691 1104 699 .
1137 658 1219 700 οὐδ’
1242 659 1302 710 ἄρ’
1325 659 1378 700 ἔτ’
1401 660 1514 702 αὐτὸς
1537 660 1605 711 ἔην

925 740 1017 777 124.
1064 741 1104 778 4.

1156 798 1171 815 Α
1197 797 1206 810 κ
1257 798 1265 810 ι
1363 798 1373 811 s
1490 798 1499 813 t

1096 831 1103 838 .
1138 815 1173 838 οι
1213 800 1333 838 Ροδον
1355 804 1620 850 αμφινεμοντο

1137 729 1257 769 ἄλλοι
1279 727 1312 769 θ’
1337 728 1373 768 οἳ
1395 728 1553 780 Κρήτην

1139 867 1182 907 ὃν
1203 867 1314 907 τέκεν
1334 866 1572 920 Ἀστυόχεια

1096 968 1103 975 .
1137 937 1257 987 φίλον
1278 935 1434 987 μήτρωα
1456 937 1619 977 κατέκτα

1097 1036 1105 1044 .
1139 1005 1274 1044 αὐτίκα
1295 1005 1440 1056 πατρὸς
1463 1006 1542 1046 ἑοῖο

1098 1105 1106 1113 .
1138 1075 1192 1123 βῆ
1214 1073 1372 1125 φεύγων
1392 1075 1456 1114 ἐπὶ
1477 1075 1624 1114 πόντον

1099 1174 1106 1182 .
1141 1142 1362 1192 ἀπείλησαν
1382 1144 1455 1194 γὰρ
1478 1144 1514 1183 οἱ
1535 1144 1652 1183 ἄλλοι

1097 1242 1105 1250 .
1138 1212 1278 1263 τριχθὰ
1300 1210 1342 1250 δὲ
1363 1209 1512 1265 ᾤκηθεν

1095 1305 1106 1318 .
1141 1280 1206 1318 καί
1218 1284 1316 1330 σφιν
1330 1278 1543 1320 θεσπέσιον
1552 1283 1724 1320 πλοῦτον

1099 1379 1106 1387 .
1142 1347 1283 1398 Νιρεὺς
1306 1347 1353 1387 αὖ
1376 1349 1553 1399 Σύμηθεν

1099 1448 1107 1456 .
1141 1417 1211 1468 ἄγε
1233 1420 1336 1468 τρεῖς
1357 1420 1451 1467 νῆας

1099 1518 1106 1526 .
1141 1487 1342 1537 Χαρόποιό
1363 1485 1392 1526 τ’
1417 1487 1583 1530 ἄνακτος

1100 1589 1107 1596 .
1141 1556 1282 1608 Νιρεὺς
1305 1556 1346 1598 ὃς
1369 1556 1583 1599 κάλλιστος
1612 1570 1613 1583 ¹

929 1625 1020 1666 126.
1075 1638 1108 1665 1.

1141 1629 1210 1666 νῦν
1232 1626 1278 1665 αὖ
1300 1626 1386 1668 τοὺς
1409 1627 1527 1666 ὅσσοι

1100 1727 1107 1734 .
1141 1695 1386 1745 Μυρμιδόνες
1407 1695 1449 1734 δὲ
1473 1698 1660 1735 καλεῦντο

1101 1795 1108 1802 .
1139 1762 1230 1802 ἀλλ’
1253 1763 1292 1802 οἵ
1310 1761 1345 1815 γ’
1370 1762 1414 1802 οὐ
1435 1764 1624 1813 πολέμοιο

1101 1864 1108 1872 .
1141 1834 1208 1882 τῆς
1228 1833 1296 1884 ὅγε
1320 1831 1409 1872 κεῖτ’
1434 1832 1564 1885 ἀχέων

1102 1933 1109 1941 .
1145 1901 1349 1952 Δήμητρος
1371 1900 1526 1951 τέμενος

1099 2001 1107 2010 .
1141 1969 1232 2022 ἔχεν
1254 1968 1351 2009 κάτα
1372 1973 1466 2021 γαῖα
1485 1969 1651 2020 μέλαινα

1103 2070 1110 2078 .
1143 2037 1213 2078 τὸν
1255 2036 1345 2090 (sie)
1398 2039 1438 2078 δὲ
1484 2038 1726 2089 Φιλοκτήτης

1183 2106 1304 2159 ἦρκεν

1102 2207 1110 2215 .
1142 2175 1283 2230 Λήμνῳ
1304 2177 1348 2216 ἐν
1369 2175 1514 2230 ἠγαθέῃ

1104 2276 1112 2284 .
1145 2244 1186 2283 οἵ
1202 2243 1236 2282 τ’
1259 2243 1353 2296 ἔχον
1375 2245 1573 2296 Οἰχαλίην

1104 2344 1110 2351 .
1142 2313 1432 2362 μενεπτόλεμος
1453 2313 1705 2362 Πολυποίτης

1105 2413 1111 2420 .
1144 2379 1225 2421 υἱὸς
1250 2380 1471 2430 Πειριθόοιο

1146 2448 1208 2488 καὶ
1230 2449 1438 2488 Αἰθίκεσσι
1454 2449 1657 2488 πέλασσεν

1104 2549 1111 2557 .
1146 2517 1182 2556 οἱ
1203 2516 1291 2568 περὶ
1314 2516 1510 2566 Δωδώνην

1105 2617 1113 2625 .
1146 2586 1306 2637 ὄτριχας
1327 2583 1474 2626 οἰέτεας

1105 2685 1113 2693 .
1145 2653 1261 2705 ἄμφω
1284 2653 1440 2701 θηλείας

1047 2734 1115 2775 33»

1148 2722 1205 2761 εἰν
1229 2722 1399 2772 Ἀρίμοις
1430 2721 1491 2760 ὅθι
1522 2722 1622 2772 φασὶ
1649 2725 1728 2763 Τυ-

1189 2787 1316 2841 φωέος

936 2870 1030 2912 131.
1053 2870 1118 2907 14.
1149 2856 1172 2907 ἢ
1193 2857 1263 2907 μὲν
1286 2855 1331 2905 δὴ
1352 2855 1459 2906 μάλα
1479 2857 1612 2898 πολλά

1054 2937 1121 2974 24.
1154 2924 1204 2966 ὣς
1225 2923 1353 2976 ἔφαθ’,
1369 2923 1524 2976 ’Έκτωρ
1547 2924 1579 2964 δ’
1602 2926 1684 2966 οὔτι

1054 3004 1120 3045 27.
1154 2992 1255 3044 αἶψα
1278 2991 1308 3032 δ’
1333 2992 1444 3032 ἐλυσ)
1467 2992 1612 3045 ἀγορήν
