1974 3305
253 127 339 166 314
803 128 1030 167 ΙΛιΑΔοΣ
1074 129 1119 166 Ε.
1162 126 1245 178 (5)

310 234 409 280 435.
441 223 668 281 μεμακυῖαι]
701 226 923 276 μηκώμεναι
943 225 1006 279 (in
1026 224 1215 279 margine
1235 224 1445 277 inberiore)

310 294 409 347 483.
442 290 619 348 εἱαμενῇ]
654 295 800 333 ποώδει
825 295 931 348 τόπῳ
1108 303 1202 345 511.
1236 291 1499 350 ἀνασχέσθαι]
1522 295 1726 344 ὑπομεῖναι

911 432 957 469 Ε.
1021 430 1034 483 (
1056 431 1079 469 5
1104 430 1117 481 )

312 508 377 550 23.
410 493 543 552 ἔρυτο]
572 499 762 548 ψιλοῢται

309 576 375 613 24.
409 560 672 620 ἀκαχήμενος]
698 565 884 606 Αἷολικόν

310 643 374 684 29.
406 629 546 688 πᾶσιν]
581 632 663 672 ἀντὶ
685 635 752 672 τοῦ
773 632 931 673 πάντων
1805 650 1829 687 5

308 701 375 740 60.
406 697 667 756 εΑρμονίδεω]
699 702 822 752 ὄνομα

314 780 407 822 133.
438 768 461 818 ἡ
485 769 557 818 μὲν
578 767 638 819 ἄρ’
661 769 712 811 ὣς
739 767 908 826 εἶποῦσ’]
942 771 992 812 ὣς
1018 771 1093 821 ἄρα
1115 769 1334 822 φευνήσασ’
1353 771 1484 824 (varia
1502 770 1642 823 lectio)

312 836 406 878 162.
441 833 617 893 πόρτιος]
651 836 739 879 νέας
759 836 783 887 ἢ
805 839 955 880 τελείας
1133 839 1227 890 187.
1262 837 1492 896 κιχήμενον]
1527 841 1710 894 ἐπιτυχόν

311 916 404 956 199.
437 902 694 961 ἐμβεβαῶτα]
729 906 993 957 ἐμβεβηκότα,
1018 906 1138 948 οὕτως
1159 906 1417 960 Ἀρίσταρχος

309 984 404 1027 203.
439 970 671 1030 εἰλομένων]
700 974 1046 1026 συστρεφομένων,
1066 976 1345 1025 πολεμούντων
1808 993 1857 1018 10

309 1049 405 1092 205.
437 1038 622 1097 πίσυνος]
660 1042 944 1091 πεπιστευκὼς,
965 1043 1206 1095 τεθαρρηκώς

308 1109 405 1149 208.
437 1107 606 1166 ἔσσευα]
638 1110 773 1162 ῥυῆναι
799 1110 966 1161 ἐποίησα
1141 1122 1235 1163 209.
1268 1108 1439 1167 ἀγκύλα]
1475 1111 1668 1163 ἐπικαμπῆ

308 1189 405 1217 211.
438 1175 641 1235 Τρώεσσι]
675 1178 758 1218 ἀντὶ
780 1182 847 1219 τοῦ
869 1182 945 1219 τῶν
963 1179 1109 1231 Τρώων

307 1257 403 1286 212.
436 1244 497 1303 κε]
532 1247 750 1298 σύνδεσμος

308 1326 402 1364 214.
433 1316 641 1366 ἀλλότριος
661 1312 765 1372 φώς]
789 1315 974 1367 πολέμιος
996 1315 1092 1368 ἀνήρ
1808 1335 1854 1374 15

309 1384 402 1423 218.
435 1383 486 1434 μὴ
509 1382 542 1423 δ’
563 1380 702 1440 οὕτως]
735 1384 786 1435 μὴ
809 1386 927 1426 οὕτως
947 1384 1041 1436 λέγε

308 1463 403 1504 219.
436 1453 527 1504 πρίν
547 1451 584 1504 γ’
608 1451 671 1492 ἐπὶ
692 1453 744 1493 νὼ
766 1451 853 1507 τῷδ’
879 1450 1011 1509 ἀνδρί]
1045 1453 1135 1505 πρὶν
1155 1453 1253 1504 ἡμᾶς
1274 1454 1371 1494 κατὰ
1392 1456 1505 1494 τοῦδε
1525 1456 1593 1493 τοῦ
1615 1454 1751 1505 ἀνδρός

307 1531 403 1574 223.
437 1517 622 1577 κραιπνὰ]
655 1520 805 1573 ταχέως

308 1600 405 1638 224.
436 1593 487 1643 τῷ
511 1589 573 1629 καὶ
595 1586 682 1645 νῶϊ]
718 1590 776 1629 διὸ
800 1590 861 1629 καὶ
883 1590 982 1640 ἡμᾶς
1005 1591 1056 1632 εἷς
1077 1589 1146 1639 τὴν
1167 1591 1286 1631 πόλιν
1308 1590 1485 1631 σώσουσι

307 1657 404 1698 226.
438 1654 696 1713 σιγαλόεντα]
730 1659 901 1709 λαμπρὰ,
925 1659 1085 1698 ποικίλα
1803 1678 1854 1704 20

307 1737 403 1776 227.
430 1722 634 1781 μάχωμαι]
669 1728 735 1775 τῆς
757 1726 963 1777 φροντίδος
983 1728 1050 1776 τῆς
1071 1726 1156 1777 περὶ
1179 1726 1315 1769 αὐτούς

313 1805 407 1848 233.
443 1790 639 1850 δείσαντε]
674 1793 897 1846 φοβηθέντε
1072 1791 1311 1851 ματήσετον]
1333 1795 1457 1845 μάτην
1479 1811 1514 1835 τι
1535 1794 1709 1847 πράξωσι

308 1874 402 1912 240.
437 1859 670 1918 ἐμμεμαῶτ’]
705 1862 1014 1913 προθυμούμενοι
1190 1861 1303 1919 ἔχον]
1332 1864 1506 1913 ἤλαυνον

309 1939 404 1981 245.
438 1927 674 1986 ἀπέλεθρον]
709 1929 919 1981 ἀμέτρητον

310 2010 404 2050 247.
443 1995 654 2055 ἀμύμονος]
681 1998 949 2051 μεγαλήτορος
1804 2015 1852 2054 25

308 2078 404 2119 249.
438 2065 503 2118 ἐφ’
525 2064 673 2123 ἵππων]
706 2067 770 2106 ἐπὶ
789 2067 876 2109 τοὺς
897 2067 1035 2110 ἵππους

309 2145 405 2188 252.
437 2137 491 2186 μή
514 2151 551 2175 τι
572 2134 738 2187 φόβονὸ’
763 2132 937 2192 ἀγόρευ’]
972 2139 1155 2187 μηδαμῶς
1176 2137 1263 2189 περὶ
1284 2140 1410 2190 φυγῆς
1430 2137 1524 2190 λέγε

306 2213 404 2258 253.
439 2200 641 2260 γενναῖον]
673 2205 714 2244 ἐκ
737 2203 875 2256 γένους
897 2206 1165 2256 παρεπόμενον

303 2268 581 2328 ἀλυσκάζοντι]
610 2272 796 2324 φεύγοντι
959 2282 1057 2326 254.
1091 2271 1275 2330 ἔμπεδον]
1301 2275 1470 2326 ἑδραῖον,
1490 2274 1664 2324 βέβαιον

306 2350 400 2393 257.
436 2338 579 2397 πάλιν]
612 2342 665 2383 εἰς
686 2341 859 2382 τούπίσω
1035 2340 1160 2398 αὖτις]
1193 2344 1315 2383 πάλιν
1800 2360 1852 2397 30

304 2409 399 2459 258.
430 2410 466 2449 εἴ
484 2407 519 2461 γ’
539 2409 605 2449 οὖν
628 2407 776 2466 ἕτερος]
809 2410 894 2450 ἀντὶ
915 2413 983 2450 τοῦ
1006 2412 1040 2451 εἰ
1059 2410 1111 2461 μὴ
1133 2411 1207 2463 ἄρα
1228 2413 1248 2452 ὁ
1271 2411 1325 2452 εἷς

304 2477 399 2527 264.
432 2474 534 2533 μετ’]
564 2477 646 2517 ἀντὶ
667 2479 735 2517 τοῦ
757 2479 852 2530 πρός

303 2545 398 2596 267.
429 2547 494 2585 ὑπ’
514 2545 570 2595 ἠῶ
591 2547 623 2584 τ’
648 2544 783 2596 ἠέλιόν
802 2544 864 2603 τε]
896 2546 971 2587 ὑπὸ
992 2546 1036 2586 τὸ
1057 2550 1142 2599 φῶς
1162 2548 1231 2587 τοΰ
1255 2548 1402 2598 κόσμου
1423 2548 1559 2589 τούτου

303 2623 401 2665 270.
433 2611 622 2670 γενέθλη]
653 2613 770 2665 γέννα
945 2625 1043 2666 271.
1077 2613 1280 2672 ἀτίταλλ’]
1304 2616 1518 2668 ἀνέτρεφεν

303 2692 399 2733 272.
430 2680 630 2738 μήστωρε]
659 2682 747 2725 τοὺς
769 2682 902 2736 φυγὴν
925 2684 1180 2734 ἐμποιοῦντας
1201 2689 1282 2725 τοῖς
1307 2686 1509 2736 πολεμίοις
1799 2706 1848 2746 35

305 2751 401 2802 278.
436 2748 482 2807 ἦ]
513 2751 597 2791 ἀντὶ
619 2754 687 2791 τοῦ
711 2750 745 2792 ἶι
923 2752 1019 2793 280.
1052 2750 1326 2809 δολιχόσκιον]
1354 2752 1398 2792 τὸ
1421 2753 1733 2805 μακροπόρευτον

305 2820 399 2859 281.
433 2817 591 2876 διαπρὸ]
625 2818 672 2860 δι’
690 2820 785 2861 ὅλου

305 2887 399 2927 282.
432 2885 626 2945 πταμένη]
661 2890 871 2929 διελθοῦσα
1047 2887 1249 2946 πελάσθη]
1281 2889 1561 2943 προσήγγεσεν

305 2954 398 3006 284.
431 2956 605 3006 βέβληαι
628 2954 818 3013 κενεῶνα]
850 2955 1036 3008 τέτρωσαι
1058 2962 1256 3001 παντελῶς
1278 2960 1375 2999 κατὰ
1396 2958 1466 3009 τὴν
1487 2959 1639 3011 λαγόνα
