1974 3305
181 117 267 157 370

275 217 340 258 26.

193 488 343 540 8515.

282 623 345 662 18.

281 770 348 798 21.

282 835 348 876 27.

282 906 348 947 30.

200 1029 265 1068 86.
317 1041 351 1068 1.

344 1128 351 1136 .
385 1094 589 1146 στρεφθεὶς
606 1096 679 1146 γὰρ
695 1094 933 1144 μετόπισθεν
950 1092 993 1131 ἐν

218 2408 310 2447 91..

335 2741 359 2782 5

338 2800 377 2841 6.

315 2878 375 2907 12.

314 2933 377 2973 16.

775 114 1000 152 ΙΛΙΑΔΟΣ
1041 114 1095 152 Π,
1138 111 1250 163 (16)

374 215 447 268 οὐχ
497 214 613 266 ὁράας
663 214 745 254 οἷον
797 215 980 253 Δόλοπος

417 283 502 333 περὶ
533 281 653 334 τεύχε’

336 384 342 392 .
375 351 414 392 ὅς
441 367 482 390 τε
506 350 599 390 κύνα
621 350 767 390 κτείνας
788 347 810 398 ἢ
839 348 981 399 βουκό-

416 423 489 458 λον
510 418 609 470 ἀμφὶ
631 418 778 463 βόεσσι

374 487 397 537 ἡ
443 486 486 526 δέ
526 502 568 526 τε
602 488 711 526 πᾶσα
751 485 850 537 ἄχνη
891 484 983 523 ὑπε-

420 554 569 606 κρύφθη

378 622 477 675 ἄχνη
505 622 742 673 ὑπεκρύφθη,
765 620 919 670 ἀνέμοιο
946 620 986 658 δὲ

422 689 501 731 ὃειῧ
522 687 570 740 αῆ

379 758 476 798 ὑπὲκ
498 757 680 798 θανάτοιο
703 754 888 807 φέρονται

381 825 509 867 ἕλικος
529 823 627 875 βοὸς
649 823 749 875 ἀμφὶ
770 821 916 877 φονῇσι

380 891 466 941 ἤτοι
513 893 532 931 ὁ
581 892 653 942 μὲν
704 891 877 942 πρώτῃσι
930 887 990 928 καὶ

424 961 629 1015 ὑστατίῃσι

387 1030 563 1079 Κοπρῆος
584 1028 704 1079 φίλον
723 1027 808 1066 υἱόν

429 1164 590 1205 ἀσπίδος
612 1163 744 1213 ἄντυγι
765 1160 892 1200 πάλτο

347 1264 354 1271 .
388 1229 513 1279 κτεῖν’,
537 1232 573 1270 οἱ
594 1229 626 1269 δ’
644 1230 710 1270 οὐκ
734 1229 916 1270 ἐδύναντο

347 1331 354 1339 .
386 1296 540 1338 λίσσεθ’
558 1299 652 1349 ὑπὲρ
673 1295 819 1337 τοκέων

350 1399 357 1407 .
391 1365 583 1416 κολλητὸν
602 1364 813 1417 βλήτροισι
835 1363 908 1404 δύω
936 1362 997 1402 καὶ

433 1435 662 1486 εἰκοσίπηχυ

351 1535 358 1543 .
392 1500 547 1542 ἄντεσθ’
566 1502 607 1542 ἐν
628 1501 785 1554 πολέμῳ

352 1603 359 1611 .
392 1572 518 1610 οἴσετε
541 1572 614 1621 πῦρ

354 1671 361 1679 .
395 1642 462 1678 νῦν
488 1638 579 1688 ἡμῖν
606 1636 786 1677 πάντωνε
819 1637 887 1675 νῦν
916 1633 1002 1674 ἀντὶ

353 1739 361 1746 .
394 1710 461 1746 νῦν
477 1704 591 1746 αὐτὸς
607 1704 807 1755 ἐποτρύνει
826 1702 885 1742 καὶ
903 1701 1001 1742 ἀνώ-

438 1790 497 1825 γει

357 1874 365 1882 .
398 1839 475 1882 ἕνθ’
493 1839 548 1891 ἄρ’
569 1838 626 1892 ὅγ’
651 1837 818 1888 εἱστήκει

213 1924 279 1963 90.
331 1923 366 1950 1.

398 1908 444 1959 ἠέ
465 1924 570 1949 τινας
591 1906 721 1960 φαμὲν
742 1906 840 1946 εἶναι

358 2010 365 2018 .
398 1981 449 2031 τῷ
472 1978 515 2016 ἐν
535 1975 650 2028 χερσὶ
671 1975 779 2027 φόως

400 2046 444 2085 οὐ
464 2044 637 2095 μειλιχίῃ

508 2170 559 2206 Π.
604 2166 716 2218 (16)

363 2291 370 2298 .
404 2258 453 2299 ὡς
474 2258 510 2296 οἱ
531 2255 603 2306 μὲν
624 2256 711 2307 περὶ
733 2254 822 2305 νηὸς
844 2253 1010 2294 ἐϋσσέλ-

443 2341 531 2375 μοιο

363 2426 370 2434 .
405 2394 515 2442 ζώειν
536 2393 613 2443 μὰν
638 2392 694 2432 ἔτι
716 2392 820 2444 φασί

364 2494 372 2501 .
403 2461 602 2512 βέβληται
623 2460 695 2510 μὲν
716 2460 736 2498 ὁ
757 2459 944 2508 Τυδείδης

219 2543 286 2582 92.
339 2542 373 2570 1.

364 2629 371 2637 .
406 2595 521 2645 ἕλκε’,
540 2595 773 2646 ἀκειόμενοι,
798 2594 848 2634 σὺ
868 2596 899 2633 δ’
917 2592 1014 2643 ἀμή-

405 2528 493 2570 τοὺς
513 2529 586 2579 μέν
607 2526 640 2567 τ’
659 2528 782 2578 ἰητροί

447 2681 566 2718 χανος

405 2732 457 2782 μὴ
477 2731 542 2782 ἔμε
560 2730 593 2784 γ’
616 2731 684 2771 οὗν
701 2730 810 2771 οὗτός
835 2746 879 2781 γε
896 2730 1015 2782 χόλος

411 2799 590 2850 αἰναρέτη
612 2799 670 2840 τίς
696 2814 766 2838 σευ
788 2798 910 2838 ἄλλος

409 2867 495 2907 οὐδὲ
519 2866 634 2909 Θέτις
654 2865 778 2917 μήτηρ
800 2864 948 2916 γλαυκή

412 2935 444 2974 εἰ
465 2935 508 2973 δέ
527 2951 611 2974 τινα
634 2934 751 2985 φρεσὶ
775 2935 869 2988 σῇσι

1080 292 1147 333 93·

1083 496 1148 536 94-

1085 628 1152 671 95·

1094 1242 1160 1282 99·

1072 1446 1164 1473 100.

1078 1787 1169 1813 101.

1082 2058 1173 2086 102.

1083 2195 1175 2236 103.

1086 2399 1178 2435 104.

1088 2463 1178 2506 105.

1090 2590 1180 2630 106.

1092 2804 1183 2846 107.

1168 223 1235 265 30.

1196 292 1234 333 3.

1168 359 1234 389 22.

1170 424 1236 466 27.

1170 494 1236 537 23.

1172 560 1237 602 25.

1173 630 1237 659 2ο.

1174 697 1240 726 22.

1148 854 1155 861 .
1178 834 1242 870 14.

1149 921 1156 929 .
1179 901 1243 929 12.

1178 956 1244 998 26.

1151 1037 1244 1066 ,22.

1179 1092 1245 1135 28.

1178 1170 1244 1215 35-

1211 1240 1247 1280 7.

1185 1310 1247 1336 IL

1215 1444 1235 1484 x]

1269 211 1311 250 αἵ
1329 209 1371 250 κέ
1390 225 1438 260 με
1461 210 1524 249 σοὶ
1544 210 1719 250 ἴσκοντες

1266 280 1438 318 ἴσκοντες
1460 277 1711 329 ἀπόσχωνται

1266 346 1317 389 ὣς
1338 345 1439 398 φάτο
1460 346 1698 395 λισσόμενος

1269 415 1331 454 καὶ
1354 416 1449 465 κῆρα
1469 412 1649 452 λιτέσθαι

1270 482 1419 533 κούρην,
1440 480 1487 531 ἢν
1508 480 1581 532 ἄρα
1600 496 1666 530 μοι
1686 477 1805 530 γέρας

1270 550 1375 601 δουρὶ
1401 548 1433 589 δ’
1449 548 1527 602 ε’μῷ
1551 545 1762 587 κτεάτισσα

1271 618 1365 670 ἄρχε
1386 618 1428 656 δὲ
1451 616 1748 667 Μυρμιδόνεσσι

1275 686 1306 724 εἰ
1322 684 1367 734 δὴ
1386 683 1547 724 κυάνεον
1562 683 1709 734 Τρώων
1730 680 1850 733 νέφος

1313 751 1564 804 ἀμφιβέβηκε

1275 818 1411 870 ἕμπεσ’
1435 817 1667 870 ἐπικρατέως

1276 888 1382 928 ἀλλὰ
1402 886 1522 927 πάλιν
1542 884 1786 938 τροπάασθαι

1277 954 1409 1006 πήληξ
1426 954 1658 1006 βαλλομένη

1279 1025 1396 1064 κόλον
1417 1025 1507 1074 δόρυ

1279 1092 1342 1142 νηῒ
1361 1092 1430 1147 θοῇ

1278 1159 1458 1210 ἀσβέστη
1481 1159 1618 1212 κέχυτο
1641 1158 1751 1210 φλόξ

1279 1228 1331 1278 μὴ
1357 1227 1401 1278 δὴ
1422 1229 1514 1278 νῆας
1537 1227 1660 1267 ἕλωσι

1279 1296 1331 1347 μὴ
1348 1296 1393 1346 δὴ
1410 1298 1502 1346 νῆας
1519 1295 1640 1335 ἕλωσι
1656 1295 1717 1335 καὶ
1733 1294 1860 1336 οὐκέτι

1325 1364 1452 1416 φυκτὰ
1473 1364 1667 1404 πέλωνται

1244 1465 1251 1472 .
1284 1432 1464 1481 πάλλειν,
1483 1431 1588 1472 ἀλλά
1603 1448 1668 1482 μιν
1685 1431 1764 1473 οἷος
1781 1431 1862 1471 ἐπί-

1327 1517 1447 1540 στατο
1469 1503 1590 1551 πῆλαι

1245 1601 1252 1609 .
1286 1569 1442 1611 Ξάνθον
1464 1568 1525 1609 καὶ
1547 1567 1694 1608 Βαλίον

1247 1669 1254 1676 .
1287 1637 1374 1677 τοὺς
1396 1636 1501 1676 ἔτεκε
1529 1637 1693 1690 Ζεφύρῳ

1248 1737 1255 1745 .
1287 1703 1515 1755 λάμψοντες
1526 1703 1617 1755 (sie)
1632 1704 1867 1759 γλώσσῃσιν

1289 1773 1407 1823 ἄκρον
1428 1772 1672 1823 ἐρευγόμενοι

1250 1873 1257 1880 .
1291 1839 1476 1890 στήθεσιν
1498 1840 1663 1891 ἄτρομός
1688 1841 1772 1880 ἐστι

1251 1940 1258 1948 .
1290 1911 1358 1958 τῆς
1379 1909 1451 1958 μὲν
1474 1909 1531 1957 ἰῆς
1553 1908 1689 1960 στιχός

1252 2008 1259 2016 .
1293 1978 1524 2028 Σπερχειοῖο
1547 1974 1734 2018 διιπετέος

1254 2077 1261 2084 .
1295 2044 1430 2084 αὐτίκα
1451 2043 1483 2083 δ’
1501 2045 1551 2084 εἷς
1569 2044 1707 2098 ὑπερῷ’
1722 2043 1873 2094 ἀναβάς

1253 2144 1260 2152 .
1294 2111 1407 2153 πάνθ’
1425 2111 1499 2152 ὑπὸ
1519 2113 1710 2162 μηνιθμόν

1255 2213 1262 2221 .
1294 2183 1449 2230 μᾶλλον
1470 2181 1510 2220 δὲ
1533 2180 1666 2233 στίχες
1686 2180 1800 2231 ἄρθεν

1255 2281 1263 2289 .
1297 2250 1429 2298 καλῆς,
1452 2248 1656 2298 δαιδαλέης

1256 2348 1263 2356 .
1297 2317 1425 2357 οὔλων
1446 2332 1488 2356 τε
1512 2314 1693 2365 ταπήτων

1300 2385 1493 2434 Δωδώνης
1512 2382 1659 2434 μεδέων

1258 2485 1265 2492 .
1297 2452 1394 2503 ἠμὲν
1415 2450 1460 2501 δή
1482 2450 1568 2491 ποτ’
1583 2452 1676 2501 ἐμόν

1258 2553 1265 2561 .
1299 2521 1444 2560 εἵσεται
1465 2521 1538 2570 ἣρα
1561 2519 1623 2559 καὶ
1645 2518 1724 2562 οἷος

1259 2621 1266 2629 .
1301 2588 1512 2638 ἐλπόμεναι
1533 2589 1635 2638 παρὰ
1656 2590 1775 2638 ναῦφι

1261 2689 1268 2697 .
1302 2656 1511 2708 οὐρανόθεν
1539 2653 1572 2694 δ’
1598 2654 1654 2707 ἄρ’
1685 2654 1880 2707 ὑπερράγη

1343 2724 1511 2765 ἄσπετος
1533 2722 1646 2774 αἰθήρ

1263 2825 1270 2834 .
1305 2790 1422 2832 αὐτίκ’
1446 2791 1520 2843 ἄρα
1542 2790 1802 2842 στρεφθέντος

1262 2892 1269 2900 .
1301 2859 1500 2911 ἤμβροτον
1522 2858 1724 2910 ἀλλήλων,
1741 2857 1883 2908 μέλεον

1348 2926 1379 2966 δ’
1396 2923 1490 2977 ἠκοῦ
