1974 3305
559 171 784 210 ιΛῐΑΔοΣ
825 171 872 214 Τ,
901 170 949 207 τ.
993 167 1091 219 (19,
1123 167 1204 218 20)
1557 157 1641 197 339

168 288 267 326 410.
302 273 549 331 ἀκμοθέτοιο]
583 277 649 314 τοῦ
671 273 733 314 ἐπὶ
754 272 805 328 τῷ
828 270 1026 325 ἀκμοθέτῳ
1049 270 1164 322 ἔργου
1317 262 1469 322 πέλωρ]
1502 263 1613 315 τέρας

169 356 268 394 420.
301 344 397 396 ἔργα
418 340 571 399 ἴσασιν]
605 331 870 393 τάγυναικεῖα
894 339 1076 388 δηλονότι

168 422 268 464 447.
300 408 472 468 ἐείλεον]
506 409 732 452 συνέκλειον
886 406 985 459 489.
1019 403 1209 461 ἄμμορος]
1243 403 1432 456 ἀμέτοχος

170 478 269 531 498.
303 476 456 535 ποινῆς]
489 482 568 519 τῶν
589 477 812 530 ὑποφονίων
833 475 908 529 (sic
931 476 977 515 τὰ
997 474 1193 526 ὑποφόνια
1213 471 1272 526 gl.
1293 471 1346 511 ad
1367 483 1429 525 13,
1450 469 1552 520 600)

168 555 267 598 502.
300 546 582 598 ἀμφοτέροισιν
601 542 793 601 ἐπήπυον]
828 543 872 583 τὸ
894 543 960 584 ναί
979 542 1040 582 καὶ
1059 541 1104 581 τὸ
1124 542 1169 580 οὔ
1661 539 1684 578 5

167 620 266 664 520.
299 608 398 668 εἶκε]
431 612 615 664 ἐνεχώρει
782 619 880 662 521.
909 605 1070 664 ἀρδμός]
1104 606 1293 657 ποτισμός

167 676 372 735 βοτοῖσιν]
405 677 657 730 βοσκήμασιν

168 757 268 800 542.
300 745 506 804 τρίπολον]
539 747 618 799 τρὶς
639 747 906 798 ἐστραμμένην
1079 752 1179 798 552.
1213 738 1422 798 ἐπήτριμα]
1458 738 1580 782 πυκνά

169 824 266 871 553.
301 813 569 872 ἐλλεδανοῖσι]
602 819 683 858 τοῖς
703 818 858 866 δεσμοῖς

169 893 269 936 572.
302 882 445 941 ἰυγμῷ]
480 883 653 938 συριγμῷ
848 882 946 935 576.
980 879 1170 938 δονακῆα]
1205 882 1415 931 καλαμῶνα
1669 883 1715 908 10

170 962 270 1006 597.
301 949 518 1009 στεφάνας]
553 952 701 1003 κόσμον
721 952 904 1004 γυναικός

169 1030 267 1074 599.
302 1017 617 1077 ἐπισταμένοισι]
653 1019 911 1071 ἐπιστήμοσιν

169 1090 268 1131 602.
299 1090 361 1131 ἐπὶ
383 1086 540 1146 στίχας]
574 1087 634 1130 ἐπ’
652 1089 798 1130 εὐθείας

169 1158 266 1211 605.
300 1154 576 1215 κυβιστητῆρε]
611 1159 647 1198 οἱ
667 1159 764 1208 μετὰ
787 1156 1056 1208 κυβιστήσεως
1077 1156 1307 1209 ὀρχούμενοι

762 1324 809 1361 τ.
871 1321 998 1372 (19)
1672 1329 1716 1366 15

171 1438 210 1483 5.
242 1427 404 1486 λιγέως]
438 1431 616 1481 ἐμπαθῶς
792 1438 859 1480 27.
893 1425 1009 1484 αἰών]
1040 1428 1060 1467 ὁ
1079 1429 1223 1478 μυελός

171 1508 238 1550 72.
270 1500 364 1551 γόνυ
387 1495 579 1555 κάμψειν]
613 1497 897 1539 διαπαύσεσθαι

174 1579 266 1610 102.
299 1564 461 1623 ἀνώγει]
496 1567 645 1608 κελεύοι
821 1577 918 1619 393.
952 1563 1068 1622 ἕσαν]
1101 1564 1342 1617 περιέβαλον

758 1733 805 1769 τ.
867 1730 994 1782 (20)

173 1851 213 1891 9.
245 1835 385 1895 πίσεα]
419 1838 624 1880 ὑδατώδεις
646 1839 756 1878 τόποι
1672 1861 1720 1886 20

172 1921 241 1962 34.
273 1903 463 1963 ἐριούνης]
496 1906 787 1959 μεγαλωφελής

173 1987 240 2031 37.
272 1976 418 2027 ῥώοντο
440 1972 594 2031 ἀραιαί]
627 1975 864 2027 ἐρρώννυντο
887 1976 925 2015 αἱ
948 1976 1124 2017 ἀσθενεῖς

176 2056 269 2097 109.
302 2041 429 2101 ἀρειῇ]
465 2045 606 2100 ἀπειλῇ
786 2057 878 2098 133.
910 2044 961 2096 μὴ
982 2041 1223 2100 χαλέπαινε]
1255 2044 1308 2096 μὴ
1329 2045 1485 2098 ὀργίζου

175 2126 270 2165 140.
300 2111 388 2165 παρ’
408 2110 569 2169 αὐτόφι]
603 2113 793 2165 παραυτὰ,
817 2113 926 2155 εὐθύς

178 2191 273 2236 145.
305 2178 550 2238 ἀμφίχυτον]
585 2182 845 2235 ἀμφίχωστον
1024 2181 1117 2232 148.
1151 2180 1326 2239 σεύαιτο]
1361 2184 1534 2234 διώξειεν
1673 2202 1719 2239 25

177 2259 270 2304 157.
304 2248 503 2307 κάρκαιρε]
536 2249 650 2291 ποιὸν
670 2249 770 2304 ἦχον
790 2250 969 2291 ἀπετέλει

177 2319 272 2362 162.
305 2316 521 2376 νυστάζων]
551 2319 740 2360 ἐπινεύων
858 2318 951 2359 166.
979 2315 1138 2374 ἀτίζων]
1163 2319 1366 2370 ἀτιμάζων,
1390 2324 1650 2372 καταφρονῶν

177 2387 271 2429 168.
304 2385 420 2444 ἐάλη]
455 2389 712 2437 συνείληπται
888 2396 983 2441 235.
1015 2383 1093 2443 οἷο]
1118 2390 1187 2427 τοῦ
1210 2388 1348 2428 ἑαυτοῦ

175 2468 271 2509 249.
303 2456 426 2498 πολὺς
458 2454 594 2512 νομός]
628 2455 834 2506 μετάθεσις

174 2518 325 2581 πολὺς]
349 2525 638 2577 πολύστροφος,
663 2523 914 2575 εὐμετάθετος
1122 2541 1127 2542 ’
1673 2547 1722 2583 30

174 2593 273 2648 316.
304 2590 459 2649 δάηται]
488 2593 609 2648 καυθῇ
727 2601 824 2646 357.
857 2589 1038 2648 ἐφέπειν]
1072 2593 1223 2633 διώκειν

175 2661 274 2717 362.
306 2658 462 2717 στιχός]
497 2664 563 2711 τῆς
589 2660 730 2711 τάξεως
906 2660 1003 2715 363.
1031 2659 1158 2717 ὅστις]
1193 2678 1258 2702 κεν
1279 2661 1604 2716 superscriptum

176 2729 274 2785 365.
305 2727 481 2785 ἵμμεναι]
514 2730 749 2781 πορεύεσθαι
915 2738 1011 2784 370.
1042 2727 1216 2786 κολούει]
1249 2734 1356 2780 μειοῖ

177 2806 276 2852 377.
307 2794 456 2852 δέδεξο]
486 2796 708 2858 προσδέχου
883 2809 979 2852 392.
1005 2794 1162 2854 Ἕρμῳ]
1185 2796 1358 2849 ποταμὸς
1378 2800 1522 2841 Λυδίας

176 2878 276 2916 401.
309 2863 393 2905 καθ’
414 2865 543 2906 ἵππων
565 2862 747 2922 ἀΐξαντα]
782 2865 1008 2917 καταβάντα
1030 2870 1107 2907 τῶν
1128 2867 1256 2908 ἵππων
1671 2890 1720 2929 35

176 2946 276 2989 403.
309 2930 442 2990 ἄϊσθε]
476 2934 707 2985 ἐξέπνευσεν
841 2933 1004 2992 ἤρυγεν]
1039 2936 1204 2986 ἐμυκᾶτο

177 3014 276 3052 414.
309 2999 445 3058 ὀχῆες]
480 3003 516 3043 οἳ
536 3005 655 3053 λῶροι
813 3003 911 3053 418.
943 3001 1138 3060 λιασθείς]
1173 3004 1343 3046 ἐκταθείς

855 3096 922 3123 ΖΖ
