1974 3305
192 831 287 874 266.
338 843 373 869 1.

194 1375 288 1425 267.

196 1646 289 1687 268.
342 1658 375 1685 1.

198 2122 292 2175 269.
345 2134 377 2163 Ι.

199 2610 293 2651 270.
340 2612 378 2653 3.

792 120 1018 159 ΙΛΙΑΔΟΣ
1061 120 1113 157 Ω.
1157 117 1269 170 (24)

371 255 378 262 .
410 220 438 277 ᾧ
460 222 545 273 περὶ
560 224 685 273 χεῦμα
698 220 991 271 ἀμφιδεδίνηται

411 293 519 329 τοῖσε
541 289 581 327 δὲ
606 287 666 326 καὶ
689 285 895 327 Μενέλαος
912 286 991 325 ἀνί-

454 371 575 395 (ΤΤαΤΟ

370 455 377 464 .
410 425 448 466 ἐς
468 423 593 474 μέσον
615 421 846 474 ἀμφοτέροις

411 489 622 543 Ἀντίλοχ’,
646 491 685 529 αἱ
706 488 738 528 δ’
762 490 832 540 ἄγε

409 559 547 611 χερσὶν
569 557 635 610 ἔχε
654 556 813 609 ῥαδινήν

409 628 620 680 χωόμενος,
643 625 727 665 ἐπεὶ
749 623 824 665 οὔτ’

370 727 377 735 .
409 694 514 744 ἦσθα
535 692 654 744 πάρος

409 765 477 802 νῦν
499 762 589 801 αὖτε
611 760 696 800 νέον
716 761 850 810 νίκησε
872 760 973 808 νεοίη

405 829 619 880 ἀμφίθετος
641 827 765 879 φιάλη

407 898 527 938 αὕτως
548 896 591 935 οὐ
612 896 686 947 γὰρ
708 896 780 945 πύξ
802 912 846 947 γε

409 964 498 1004 οὐδέ
516 963 550 1003 τ’
566 963 795 1004 ἀκοντιστὺν
812 965 990 1004 ἐνδύσεαι

369 1065 376 1073 .
409 1033 459 1075 ὣς
475 1033 592 1073 ὁπότε
614 1030 775 1082 κρείοντ’
792 1032 987 1084 Ἀμαρυγ-

451 1099 517 1140 κέα

367 1201 375 1209 .
403 1171 588 1220 Ἀγκαῖον
610 1170 650 1209 δὲ
672 1168 779 1223 πάλῃ

366 1269 374 1277 .
405 1237 527 1276 οἵοισί
566 1235 605 1286 μ’
647 1236 800 1276 ἵπποισι
850 1235 991 1286 πλήθει

450 1305 596 1356 πρόσθε
615 1305 814 1354 βαλόντες

366 1405 373 1413 .
405 1375 545 1413 οὕνεκα
567 1372 611 1422 δή

368 1474 375 1481 .
408 1441 575 1492 ἔμπεδον
595 1440 762 1494 ἡνιόχευ’

367 1541 374 1549 .
407 1510 457 1551 ὥς
477 1525 547 1558 μευ
569 1509 626 1549 ἀεὶ
647 1508 841 1559 μέμνησαι

368 1609 376 1617 .
409 1576 482 1631 ᾦδέ
503 1576 535 1617 κ’
560 1576 774 1617 Ἀπόλλων
795 1575 871 1631 δῴη

410 1646 486 1696 δώη
511 1646 723 1696 καμμονίην

368 1745 375 1753 .
408 1714 431 1763 ἢ
453 1714 528 1766 οὐχ
550 1713 636 1755 ἅλις
657 1714 715 1753 ὅτι
735 1712 861 1765 μάχης

368 1814 376 1822 .
408 1782 450 1823 ὅς
471 1798 564 1821 ποτε
588 1781 729 1831 Θήβας
750 1779 784 1820 δ’
805 1780 900 1830 ἦλθε

370 1881 377 1889 .
409 1853 513 1899 ζῶμα
535 1849 577 1889 δέ
599 1849 634 1888 οἳ

370 1949 377 1957 .
411 1917 514 1967 ζῶμα
535 1917 576 1957 δέ
599 1918 636 1957 οἱ
656 1921 809 1969 πρῶτον

370 2017 378 2024 .
410 1985 505 2025 ἄντα
530 1983 560 2024 δ’
584 1984 843 2037 ἀνασχομένω

370 2085 377 2092 .
409 2052 530 2095 δεινὸς
551 2053 593 2092 δὲ
615 2053 810 2105 χρόμαδος

412 2120 492 2161 κὰδ’
516 2120 546 2161 δ’
571 2120 890 2172 ἀλλοφρονέοντα

410 2190 465 2229 ἐνὶ
487 2189 603 2241 σφίσι
624 2192 710 2229 τῖον
733 2187 892 2241 Ἀχαιοί

371 2289 378 2297 .
411 2259 531 2309 ἀγκὰς
558 2260 589 2297 δ’
612 2256 802 2307 ἀλλήλων
821 2254 994 2306 λαβέτην

370 2357 378 2364 .
410 2325 497 2365 ἀλλ’
520 2326 586 2365 ὅτε
608 2325 653 2375 δή
673 2324 710 2377 ῥ’
735 2326 889 2372 ἀνίαζον

371 2425 378 2433 .
411 2395 461 2435 ὡς
483 2394 600 2434 εἰπὼν
621 2392 775 2445 ἀνάειρε

372 2493 379 2501 .
412 2460 504 2513 κόψ’
526 2462 659 2502 ὄπιθεν
681 2462 841 2513 κώληπα
865 2463 995 2515 τυχών

371 2562 378 2570 .
409 2531 451 2571 ἐν
472 2532 513 2571 δὲ
532 2532 628 2583 γόνυ
648 2529 833 2583 γνάμψεν

411 2597 570 2651 ὄρνυσθ’
593 2599 629 2639 οἳ
651 2599 713 2639 καὶ
734 2599 869 2639 τούτου

371 2700 378 2706 .
412 2669 509 2708 στὰν
530 2668 572 2707 δὲ
592 2668 823 2719 μεταστοιχί

373 2764 380 2772 .
413 2732 462 2774 ὡς
484 2731 514 2772 δ’
539 2733 603 2773 ὅτε
625 2733 682 2775 τίς
702 2748 743 2772 τε
763 2732 944 2784 γυναικός

372 2831 379 2839 .
411 2799 489 2840 ἔνθ’
512 2802 607 2843 Α’ίας
626 2801 696 2852 μέν

373 2899 380 2906 .
412 2870 534 2921 μήτηρ
551 2868 602 2911 ὣς
622 2868 786 2920 Ὀδυσῆι
808 2869 995 2921 παρίστα-

453 2953 514 2976 Ται

1062 226 1155 269 271.
1206 230 1241 257 1.

1204 298 1243 335 4.

1180 366 1242 395 12·

1178 434 1242 471 24.

1063 498 1156 540 272.
1208 503 1242 529 Ι.

1233 590 1241 598 .
1273 558 1394 609 αὐτὰρ
1414 559 1579 614 Τυδείδῃ
1605 561 1726 599 δῶκεν

1274 216 1488 272 Ἀντίλοχ’,
1510 219 1554 260 οὐ
1573 218 1708 271 μέντοι
1720 220 1859 272 μέλεος

1276 286 1392 337 ἄνδρε
1414 288 1490 327 δύω
1512 288 1598 338 περὶ
1619 291 1737 329 τῶνδε

1275 356 1424 406 φθῆσιν
1444 354 1675 406 ὀρεξάμενος

1276 423 1343 461 καί
1361 427 1460 474 σφιν
1482 422 1580 462 δαῖτ’
1604 422 1755 475 ἀγαθήν

1274 491 1584 541 περιδδείσαντες
1605 505 1685 531 om.

1274 625 1392 676 αὐτὰρ
1415 627 1611 675 Πηλείδης

1235 723 1242 731 .
1275 691 1364 731 ἀλλ’
1387 694 1451 732 ὅτε
1473 692 1518 741 δὴ
1541 694 1666 733 σόλον
1688 693 1787 734 εἶναι

1275 762 1401 800 ὅσσον
1422 762 1478 802 τίς
1499 759 1530 799 τ’
1550 761 1687 813 ἔρριψε

1233 859 1241 867 .
1271 829 1391 879 αὐτὰρ
1412 830 1432 868 ὁ
1455 829 1658 884 τοξευτῇσι

1233 927 1241 935 .
1275 898 1343 936 κὰδ
1369 895 1402 936 δ’
1426 897 1541 936 ἐτίθει

1233 995 1241 1003 .
1273 962 1448 1013 τοξεύειν
1470 964 1511 1006 ὃς
1531 963 1604 1014 μέν
1627 979 1667 1004 κε

1060 1040 1155 1085 273.
1204 1044 1240 1073 2.

1234 1131 1242 1140 .
1277 1099 1319 1141 ὃς
1341 1099 1385 1140 δέ
1407 1117 1447 1140 κε
1468 1099 1669 1150 μηρίνθοιο

1271 1033 1471 1083 μηρίνθοιο
1493 1033 1590 1087 τύχῃ

1180 1180 1243 1217 12,
1270 1180 1334 1217 14.
1367 1168 1640 1219 σπερχόμενος
1661 1165 1693 1207 δ’
1717 1167 1791 1219 ἄρα

1177 1247 1241 1276 22.

1177 1303 1244 1342 26.

1177 1380 1242 1422 27.

1177 1451 1244 1493 32.

1064 2186 1159 2238 276.

1065 2537 1161 2580 277·
1210 2541 1233 2581 3

1181 2743 1246 2780 22,

1181 2812 1247 2854 32.

1066 2867 1162 2919 278.
1211 2869 1250 2908 6.

1185 2947 1247 2976 II.

1276 1232 1406 1287 αὐχέν’
1430 1232 1708 1286 ἄπεκρέμασαν

1276 1302 1422 1353 ἄπυρον

1276 1369 1355 1420 θῆκ’
1381 1371 1420 1412 ἐς
1443 1371 1578 1422 α’γῶνα
1599 1368 1731 1422 φέρων

1276 1439 1298 1489 ἡ
1321 1437 1352 1478 δ’
1376 1438 1500 1479 ὅσσον
1522 1437 1681 1489 δυνάμει
1702 1454 1745 1478 τε

1345 1608 1397 1644 Ω.
1466 1604 1577 1657 (24)

1236 1737 1243 1744 .
1276 1704 1462 1757 ἀλεγεινά
1483 1722 1524 1745 τε
1547 1705 1694 1756 κύματα
1715 1706 1861 1758 πείρων

1063 1781 1158 1825 275.
1211 1786 1245 1812 1.

1236 1872 1243 1879 .
1272 1841 1385 1881 τόνδε
1408 1840 1441 1880 δ’
1466 1841 1606 1881 ἔασκεν

1278 1772 1471 1813 δινεύεσκ’
1496 1773 1628 1813 ἀλύων

1235 1939 1243 1947 .
1277 1909 1319 1948 ἐν
1345 1909 1429 1948 κόνι
1453 1909 1663 1950 ἐκτανύσας

1237 2013 1245 2021 .
1279 1982 1340 2021 καὶ
1395 1982 1588 2031 τεθνηότα
1637 1997 1724 2034 περ,
1775 1982 1864 2034 περὶ

1323 2048 1355 2089 δ’
1379 2050 1499 2101 αἰγίδι

1237 2149 1244 2157 .
1279 2116 1427 2169 κλέψαι
1449 2116 1481 2156 δἻ
1503 2117 1738 2168 ὀτρύνεσκον

1280 2185 1350 2235 τὴν
1371 2184 1406 2224 δ’
1428 2183 1540 2240 ᾔνησ’
1563 2184 1587 2234 ἥ
1608 2186 1646 2224 οἱ
1667 2185 1763 2235 πόρε

1279 2254 1323 2293 οὐ
1345 2254 1389 2293 νύ
1411 2251 1496 2293 ποθ’
1519 2254 1609 2303 ὑμῖν

1237 2353 1245 2361 .
1278 2322 1321 2362 ἐν
1342 2320 1432 2373 πυρὶ
1454 2319 1588 2370 κήμενι
1611 2319 1704 2371 (sie)

1278 2390 1319 2432 ὅς
1359 2388 1390 2429 τ’
1429 2390 1511 2430 ἐπεὶ
1544 2388 1591 2440 ἂρ
1632 2387 1785 2440 μεγάλη
1821 2404 1863 2429 τε

1318 2458 1387 2508 βίη

1281 2527 1433 2579 γίνεται
1453 2524 1512 2576 ἤτ’
1535 2525 1677 2576 ἄνδρας

1278 2595 1301 2645 ἡ
1327 2596 1358 2633 δ’
1381 2595 1537 2649 ὀνίνῃσι

1280 2663 1325 2713 ἠὲ
1347 2663 1584 2715 κασίγνητον

1273 2743 1339 2781 24.
1365 2729 1521 2781 “Ἐκτωρ
1542 2732 1614 2781 μὲν
1635 2729 1773 2780 θνητός
1792 2744 1836 2770 τε

1281 2798 1371 2840 ἀλλ’
1394 2799 1477 2850 ἥτοι
1500 2798 1647 2851 κλέψαι
1666 2797 1738 2849 μέν

1282 2869 1305 2918 ἡ
1331 2867 1402 2920 γάρ
1425 2869 1460 2907 οἱ
1483 2867 1563 2908 αἰεί

1281 2938 1381 2976 θεῶν
1403 2934 1527 2976 Θέτιν
1548 2934 1677 2975 ἆσσον
1699 2934 1806 2985 ἐμεῖο
