1974 3305
112 475 206 521 251.

112 746 206 789 252.

67 860 69 862 ’
110 881 205 927 253.

112 1356 206 1400 254.

111 1604 205 1672 255.

111 2029 206 2081 256.

111 2512 206 2558 257.

228 2785 279 2827 17

227 2854 294 2885 20.

228 2910 296 2953 28.

223 2990 290 3033 31.

705 162 928 201 ΙΛΙΑΔΟΣ
969 162 1017 201 Ψ.
1059 159 1172 213 (23)

288 293 295 302 .
327 262 447 316 τείχει
483 261 556 303 ὑπὸ
591 262 736 313 Τρώων
772 263 904 315 εὐηγε-

366 331 464 373 νέων

324 400 376 450 μὴ
397 401 469 451 ἐμὰ
490 403 571 440 σῶν
592 399 785 439 ἀπάνευθε

285 499 293 508 .
324 467 457 519 νήπιος
476 468 544 508 οὐκ
566 467 716 507 ἐθέλων

284 567 292 575 .
321 536 490 588 χρύσεος
510 535 755 586 ἀμφιφορεύς

284 634 293 642 .
325 602 431 643 ἀλλά
451 619 516 653 μοι
536 603 664 643 ἆσσον
687 605 800 652 στῆθι

283 701 292 710 .
324 669 436 723 ψυχὴ
459 670 522 711 καὶ
543 672 704 711 εἴδωλον

284 769 293 778 .
322 736 462 790 οὐρῆάς
482 737 516 777 τ’
537 738 680 789 ὤτρυνε

283 836 291 845 .
323 803 466 856 τάμνον
487 806 731 857 ἐπειγόμενοι

283 903 291 912 .
323 873 421 924 θριξὶ
435 875 476 914 δὲ
488 873 615 913 πάντα
630 873 741 914 νέκυν
756 874 907 913 καταεῖ-

369 957 461 981 vvov

283 1039 291 1048 .
323 1007 442 1059 πέμπ’
459 1007 594 1051 Ἀἰδος
619 1009 660 1049 δέ

325 1076 534 1126 κάτθεσαν,
557 1077 659 1129 αἶψα
681 1077 722 1117 δέ
740 1077 777 1116 οἱ

284 1175 291 1183 .
326 1142 471 1194 ξανθὴν
493 1145 724 1196 ἀπεκείρατο
745 1145 882 1197 χαίτην

283 1242 291 1251 .
323 1211 455 1253 ἄλλως
486 1213 554 1252 σοί
579 1229 625 1264 γε
657 1211 780 1263 πατὴρ
816 1211 903 1262 ἠρή-

367 1296 465 1320 σατο
487 1281 643 1329 Πηλεύς

282 1379 290 1387 .
323 1347 457 1398 κήδεός
477 1349 561 1388 ἐστι
583 1347 690 1390 νέκυς

284 1447 292 1455 .
323 1417 364 1458 ἐς
387 1417 508 1458 πόδας
529 1417 571 1456 ἐκ
595 1419 769 1468 κεφαλῆς

283 1515 292 1524 .
323 1483 419 1536 πρὸς
438 1483 561 1537 λέχεα
583 1485 724 1525 κλίνων
742 1486 905 1535 πίσυρας

284 1583 292 1591 .
324 1553 365 1593 ἐν
390 1551 432 1592 δὲ
452 1551 569 1603 πυρὸς
589 1552 701 1602 μένος
724 1549 792 1602 ἧκε

283 1652 291 1660 .
324 1621 471 1661 δώδεκα
489 1622 564 1671 μὲν
583 1621 728 1672 Τρώων

283 1720 291 1728 .
323 1687 451 1739 ἤματα
473 1688 535 1728 καὶ
557 1689 694 1730 νύκτας

283 1788 291 1796 .
322 1757 396 1807 ὕλη
417 1755 452 1796 τ’
471 1756 675 1796 ἐσσεύαιτο

324 1824 460 1877 ψυχὴν
482 1823 705 1874 κικλήσκων

283 1924 292 1933 .
324 1893 375 1935 ὣς
396 1891 580 1946 Ἀχιλεὺς
602 1892 751 1943 ἑτάροις

283 1993 291 2001 .
324 1960 420 2011 ἦμος
441 1958 472 2000 δ’
496 1961 700 2011 ἑωσφόρος

283 2060 292 2069 .
325 2028 462 2077 κλίνθη
486 2028 656 2078 κεκμηὼς
677 2042 755 2067 om.

325 2096 386 2137 καὶ
407 2097 565 2136 δίπλακι
587 2095 691 2150 δημῷ
715 2097 863 2146 θείομαι

283 2197 292 2205 .
324 2165 477 2215 θείομεν
503 2165 653 2204 εἰσόκεν
674 2163 787 2205 αὐτὸς
808 2165 907 2216 ἐγών

324 2233 425 2287 ἑανῷ
447 2232 526 2272 λιτὶ
549 2230 728 2283 κάλυψεν

283 2332 291 2341 .
324 2300 424 2352 ἀμφὶ
446 2299 581 2352 πυρὴν,
605 2297 712 2350 εἶθαρ
738 2298 780 2339 δέ

323 2371 415 2419 θῆκε
436 2371 601 2420 γυναῖκα

283 2468 293 2478 .
326 2434 446 2486 ἑξετέ’
470 2435 641 2487 ἀδμήτην

285 2535 294 2544 .
326 2504 445 2556 αὐτὰρ
465 2507 518 2558 τῷ
539 2503 700 2558 τριτάτῳ

285 2604 293 2612 .
319 2576 372 2627 τῷ
394 2572 437 2612 δὲ
457 2571 626 2625 τετάρτῳ
652 2572 744 2621 θῆκε

230 2719 246 2747 1
255 2721 294 2762 3.

325 2639 485 2694 πέμπτῳ
507 2639 542 2680 δ’
565 2640 779 2691 ἀμφίθετον

328 2708 470 2758 ἱππῆας
490 2706 574 2748 τάδ’
597 2708 721 2747 ἄεθλα

325 2776 411 2816 ἵστε
431 2776 507 2828 γὰρ
527 2776 652 2816 ὅσσον
673 2775 762 2825 ἐμοί

325 2843 440 2894 ἠπίου
461 2843 483 2882 ὅ
503 2848 633 2895 σφωϊν

328 2911 446 2951 ἄλλοι
467 2913 508 2951 δὲ
530 2911 749 2951 στέλλεσθε

322 2979 373 3022 ὡς
394 2978 496 3032 φάτο
524 2980 723 3030 Πηλείδης
747 2978 883 3031 ταχέες

976 262 1069 316 258.
1118 272 1154 313 3.

1116 343 1156 384 5.

1118 411 1156 451 9.

1094 473 1157 517 15.

1093 543 1157 585 17.

1092 613 1157 656 23.

1094 680 1158 722 27.

1091 751 1157 793 30.

1092 818 1156 857 32.

1150 907 1157 913 .
1191 873 1278 914 ἀλλ’
1301 873 1344 916 ὃς
1364 873 1434 924 μέν
1456 874 1487 913 θ’
1511 875 1666 914 ἵπποισι

978 886 1071 928 259.

978 1278 1071 1318 260.

978 1415 1069 1455 261.

976 1754 1070 1795 262.

976 2231 1070 2284 263.

976 2706 1070 2758 264.

1094 2510 1157 2554 15.

1091 2580 1158 2620 23.

1090 2648 1159 2692 32.

1149 2738 1157 2746 .
1189 2706 1252 2746 καὶ
1279 2707 1321 2747 ἐκ
1342 2707 1526 2758 δίσκουρα
1546 2707 1730 2749 λέλειπτο

1685 158 1768 199 379

1187 262 1325 304 ἵππους
1347 262 1388 301 δὲ
1408 260 1566 315 Τρῳούς

1189 331 1309 380 Αἴθην
1329 329 1399 380 τὴν
1422 327 1736 381 Ἀγαμεμνονέην

1188 397 1255 447 τὴν
1273 396 1535 450 Ἀγαμέμνονι

1189 465 1382 508 ὠκύποδες
1403 465 1525 517 φέρον
1542 463 1644 515 ἅρμα

1188 531 1332 583 μυθεῖτ’
1355 534 1409 575 εἰς
1430 533 1560 585 ἀγαθὰ
1581 529 1758 584 φρονέων

1188 601 1276 642 νέον
1296 618 1369 653 περ
1394 599 1495 641 ἐόντ’
1517 601 1714 652 ἐφίλησαν

1190 670 1285 712 Ζεύς
1306 686 1348 710 τε
1366 668 1598 710 Ποσειδάων
1613 684 1656 709 τε

1190 741 1266 778 τῶν
1288 736 1321 777 δ’
1343 738 1452 778 ἵπποι
1473 738 1545 787 μὲν
1566 736 1680 777 ἔασιν

1188 806 1277 857 μήτι
1300 805 1333 846 δ’
1355 807 1444 846 αῧτε

1149 974 1156 981 .
1190 942 1327 992 ἕστηκε
1349 941 1469 992 ξύλον
1492 941 1585 982 αῧον

1149 1042 1156 1049 .
1189 1012 1231 1050 ἐν
1252 1010 1461 1065 ξυνοχῇσιν
1481 1010 1572 1049 ὁδοῦ

1150 1110 1157 1118 .
1190 1079 1240 1120 ὡς
1275 1079 1322 1118 ἄν
1353 1095 1411 1118 τοι
1442 1077 1600 1128 πλήμνη
1631 1095 1676 1130 γε
1708 1080 1770 1118 δο-

1231 1143 1396 1184 άσσεται

1188 1211 1266 1252 οὐδ’
1289 1214 1325 1252 εἴ
1345 1228 1410 1252 κεν
1430 1213 1666 1262 μετόπισθεν

1151 1311 1158 1318 .
1189 1281 1257 1321 τὰς
1278 1281 1319 1320 δὲ
1339 1278 1425 1330 μετ’

1150 1379 1157 1387 .
1190 1348 1223 1388 εἰ
1243 1348 1294 1398 μὴ
1314 1347 1457 1389 Τυδέος
1477 1347 1534 1387 υἷϊ

1150 1447 1157 1454 .
1190 1417 1225 1455 οἱ
1247 1414 1290 1455 δέ
1311 1417 1348 1455 οἱ
1369 1414 1633 1467 ἐβλάφθησαν

1151 1515 1157 1522 .
1190 1484 1383 1523 Τυδείδεω
1405 1484 1559 1524 ἵπποισι

1192 1552 1330 1593 ἵππους
1352 1549 1382 1591 δ’
1404 1550 1627 1602 Ἀτρείδαοι

1149 1651 1155 1659 .
1189 1620 1440 1671 καρπαλίμως

1192 1691 1342 1730 στεῖνος
1363 1689 1455 1728 ὁδοῦ

1150 1787 1157 1794 .
1191 1756 1295 1795 ὄσσα
1316 1756 1357 1796 δὲ
1379 1757 1513 1796 δίσκου
1535 1755 1627 1807 οὖρα

1151 1855 1158 1863 .
1190 1823 1272 1863 ε’πεὶ
1294 1824 1338 1864 οὔ
1361 1822 1395 1863 σ’
1420 1823 1559 1874 ἔτυμόν
1576 1840 1620 1875 γε
1643 1822 1772 1875 φάμεν

1150 1923 1157 1931 .
1190 1892 1306 1932 ἄλλοι
1330 1894 1403 1942 μὲν
1428 1891 1603 1932 δοκέουσι
1635 1892 1770 1945 παροί-
1838 1907 1843 1909 ·

1232 1977 1335 2011 τεροι

1149 2058 1157 2066 .
1190 2027 1229 2067 αἲ
1251 2027 1359 2068 κεῖσέ
1379 2045 1425 2080 γε
1447 2028 1631 2080 φέρτεραι

1150 2126 1157 2134 .
1189 2093 1276 2143 ἤτοι
1311 2097 1384 2147 γὰρ
1420 2098 1488 2138 τὰς
1519 2100 1652 2149 πρῶτα
1687 2098 1771 2138 ἴδον

1233 2162 1320 2215 περὶ
1341 2163 1460 2216 τέρμα
1480 2165 1688 2214 βαλούσας

1148 2232 1291 2282 ,παρὰ
1341 2232 1414 2282 γὰρ
1462 2231 1523 2272 καὶ
1573 2232 1772 2282 ἀμείνονες

1230 2297 1347 2338 ἄλλοι

1149 2397 1157 2405 .
1191 2365 1388 2416 Εὐμήλου,
1413 2367 1456 2407 ἐν
1477 2369 1509 2406 δ’
1532 2366 1643 2410 αὐτὸς
1669 2366 1771 2420 ἔχων

1234 2434 1377 2484 εὔληρα

1188 2500 1307 2551 μάστι
1329 2500 1362 2542 δ’
1384 2503 1466 2544 αἰὲν
1489 2503 1627 2544 ἔλαυνε

1190 2570 1302 2612 αὐτὸς
1323 2569 1354 2610 δ’
1378 2572 1420 2611 ἐκ
1441 2571 1594 2623 δίφροιο
1616 2573 1742 2625 χαμαί

1192 2637 1352 2685 λείπετ’,
1376 2639 1472 2690 ἀτὰρ
1492 2641 1539 2680 τὰ
1559 2642 1692 2691 πρῶτα

1148 2806 1156 2814 .
1188 2778 1239 2829 τῷ
1257 2773 1300 2815 κέ
1319 2791 1388 2825 μιν
1407 2775 1598 2827 παρέλασ’

1148 2874 1156 2882 .
1187 2842 1345 2893 ἤκιστος
1366 2841 1399 2883 δ’
1420 2843 1468 2894 ἦν

1096 2923 1112 2950 I
1125 2923 1141 2950 Ῑ
1151 2942 1158 2950 .

1092 2992 1157 3032 30.

1191 2910 1316 2950 ἕλκων
1337 2910 1488 2962 ἅρματα
1510 2911 1610 2953 καλά

1190 2982 1267 3018 τῶν
1288 2980 1324 3018 οἱ
1346 2978 1465 3020 ἔπειτ’
1487 2981 1638 3021 ἀνελών
