1974 3305
261 128 346 167 390
873 126 1181 167 ADDENDA.

328 242 396 280 40.
419 242 453 278 1,
479 242 516 270 2.
539 229 739 270 Deleatur
755 230 832 270 hoc
846 229 1045 279 scholion,
1059 230 1167 283 quod
1187 229 1367 270 Bekkeri
1387 230 1506 284 culpa
1526 230 1605 271 huc
1627 229 1793 270 illatum

265 300 329 337 est
350 311 400 337 ex
421 298 558 339 codice
580 298 741 339 Veneto
763 299 812 339 B.
1381 339 1386 343 .

327 379 396 418 40.
421 367 486 408 26.
516 365 831 423 παραγραπτέον]
856 366 907 406 Id
929 370 991 407 est
1015 372 1037 390 “
1052 367 1308 420 παράγραφος
1328 366 1556 407 addenda.’'

320 447 389 485 42.
412 447 479 490 32.
514 433 651 492 πόλλ’]
675 436 808 476 πολλὰ
829 435 947 489 plene
968 435 1021 476 A.

325 516 396 557 52.
421 504 460 544 8.
495 502 604 561 εὐνῆ]
631 503 772 545 Scribe
795 504 896 555 εὐνή,
919 507 968 544 ub
989 508 1052 544 est
1073 505 1117 544 in
1143 504 1338 545 lemmate
1355 504 1499 545 scholii
1520 505 1709 558 proximi.

326 582 395 624 52.
418 584 485 627 29.
519 570 670 629 ἔερσαι]
695 572 826 624 ἔερσαι
846 573 898 613 A.

324 641 392 682 61.
418 651 481 693 17.
514 641 615 681 Posfi
644 644 727 682 δῖον
758 640 827 681 τὸν
843 641 1012 693 Ἕκτορα
1034 641 1206 682 verbum
1239 646 1354 682 καλεῖ
1383 641 1577 682 excidisse
1609 642 1791 683 conieci:

265 709 310 749 in
352 709 539 763 longiore
589 708 740 750 codicis
779 709 1034 750 Townleiani
1085 709 1237 751 scholio
1287 714 1350 751 est
1400 714 1482 751 δῖον
1523 711 1686 752 ἐκάλεσε
1725 712 1794 753 τὸν

256 777 440 830 ‘'Ex-rona.

323 846 390 900 65.
430 846 494 887 16.
527 846 665 887 Verbo
707 847 776 903 ἔχῃ
811 847 995 888 scholion
1036 847 1266 901 marginale
1307 848 1452 888 finitur
1494 849 1539 888 in
1580 850 1620 889 A
1650 848 1790 890 addito

267 914 386 969 signo
403 931 484 966 :—,
511 915 744 969 proximum
772 930 878 965 vero,
911 917 1019 970 quod
1050 916 1308 958 Villoisonus
1339 917 1546 968 omiserat,
1578 918 1795 959 Bekkerus

277 983 540 1037 praecedenti
570 983 826 1034 adiunxerat,
860 985 1204 1039 intermarginale
1235 989 1310 1035 est,
1341 986 1387 1026 in
1419 1001 1498 1040 quo
1548 986 1655 1027 male
1686 985 1797 1027 Bek-

268 1051 392 1091 kerus
414 1056 535 1092 ταῦτα
557 1054 577 1092 6
602 1055 772 1104 Δίδυμος
793 1055 814 1093 6
835 1052 1094 1108 Ἀριστονίκῳ
1115 1068 1190 1107 pro
1221 1055 1340 1095 ταύτὸ.
1362 1056 1382 1095 ὁ
1408 1056 1578 1106 Δίδυμος
1607 1055 1660 1110 τῷ
1689 1054 1794 1106 Ἀρι-

268 1122 446 1175 στονίκῳ.
506 1121 619 1161 Nam
661 1121 770 1175 quod
806 1125 869 1162 est
902 1121 946 1161 in
976 1121 1017 1162 A
1048 1124 1121 1163 ταῦ
1150 1137 1234 1163 non
1274 1126 1393 1164 ταῦτα
1435 1123 1681 1177 significare,
1724 1123 1795 1164 sed

267 1188 398 1236 ταύτά,
422 1187 541 1230 doce‘n
572 1189 757 1231 scholion
785 1189 1044 1230 simillimum
1066 1191 1118 1230 ad
1141 1192 1178 1240 8,
1201 1202 1254 1246 53
1261 1202 1286 1245 5
1307 1206 1347 1245 p.
1374 1204 1425 1246 29
1430 1201 1468 1244 5,
1491 1205 1515 1247 5
1540 1192 1610 1232 ubi
1640 1192 1684 1232 in
1714 1192 1795 1232 fine

267 1256 411 1297 scholii
443 1257 688 1312 marginalis
719 1258 876 1313 legitur
907 1261 955 1299 τὰ
987 1260 1082 1299 αὐτὰ
1112 1260 1153 1299 δὲ
1185 1260 1294 1312 λέγει
1324 1262 1412 1311 περὶ
1437 1264 1513 1301 τῶν
1541 1262 1687 1314 στίχων
1710 1262 1795 1302 τού-

265 1343 343 1366 των
364 1327 384 1365 6
406 1328 578 1377 Δίδυμος
610 1328 634 1368 ἃ
661 1328 722 1368 καὶ
745 1329 765 1368 ὁ
785 1327 1066 1380 Ἀριστόνικος·
1116 1329 1175 1369 διὸ
1197 1329 1264 1369 οὐκ
1287 1329 1518 1382 ἐγράψαμεν
1539 1332 1587 1370 τὰ
1610 1331 1793 1381 Διδύμου.

274 1393 522 1435 Νοΐεῐιᾶιω]
543 1399 683 1437 aulem
704 1396 748 1436 in
768 1396 857 1438 loco
878 1397 1012 1451 priore
1034 1397 1216 1438 scholion
1238 1397 1579 1452 intermarginale
1607 1399 1658 1438 ad
1687 1413 1795 1439 mar-

275 1462 416 1518 ginale
446 1463 601 1513 referri,
629 1466 738 1519 quod
768 1480 933 1520 perraro
963 1465 1123 1507 factum
1154 1481 1239 1506 esse
1271 1465 1358 1506 dixi
1388 1467 1433 1506 in
1464 1467 1640 1508 Praefat.
1669 1468 1750 1508 vol.
1779 1481 1794 1509 1

269 1547 308 1586 p.
330 1532 401 1582 vii,
425 1532 497 1574 ubi
529 1533 625 1574 addi
656 1538 794 1588 potest
826 1534 1012 1575 scholion
1042 1535 1386 1589 intermarginale
1416 1536 1468 1575 ad
1502 1548 1539 1582 2,
1565 1537 1647 1589 669
1670 1537 1750 1578 vol.
1778 1551 1793 1577 Ι

267 1616 307 1655 p.
344 1611 437 1654 125,
474 1615 526 1652 14
558 1603 763 1643 ἆθετεῖται·
814 1604 836 1654 ἡ
868 1605 909 1643 δὲ
951 1605 1054 1644 αἰτία
1095 1605 1328 1655 προείρηται,
1375 1619 1478 1658 quae
1516 1608 1703 1658 spectant
1744 1606 1795 1645 ad

269 1669 454 1711 scholion
475 1671 705 1724 marginale
725 1685 867 1712 versus
887 1671 1179 1725 praecedentis.
1241 1671 1397 1712 Eodem
1428 1672 1549 1713 modo
1579 1674 1630 1713 ad
1657 1687 1691 1723 Ι,
1711 1675 1794 1726 578

265 1738 348 1778 vol.
375 1752 392 1778 1
418 1754 458 1792 p.
482 1739 550 1789 66,
579 1741 603 1780 8
626 1739 721 1791 πρὸς
741 1739 784 1779 τὸ
808 1740 912 1788 αὐτὸ,
936 1739 1045 1793 quod
1076 1739 1251 1780 refertur
1271 1740 1321 1779 ad
1351 1740 1536 1782 scholion
1566 1742 1795 1796 marginale

264 1820 405 1847 versus
426 1816 523 1859 572.

326 1875 392 1926 76.
420 1889 483 1916 11.
519 1876 688 1929 ἔμφασις
720 1878 794 1929 γὰρ
822 1875 998 1933 μᾶλλον]
1030 1877 1146 1918 Alibi
1178 1879 1360 1930 ἐμφαίνει
1390 1878 1463 1930 γὰρ
1493 1882 1660 1929 μᾶλλον,
1681 1881 1798 1922 velub

266 1958 389 1997 supra
409 1959 448 1997 p.
477 1944 544 1994 18,
569 1957 635 1999 23.
667 1945 731 1999 83,
756 1959 823 2000 33.
850 1945 915 1994 88,
941 1946 977 1985 6.
1001 1958 1067 1999 92,
1096 1958 1159 1986 10.
1188 1959 1278 2001 103,
1307 1948 1368 1987 18.
1399 1947 1491 1997 160,
1519 1961 1582 1989 10.
1609 1961 1703 2005 239,
1729 1963 1795 2001 24.

324 2014 390 2067 89.
417 2026 480 2067 13.
514 2014 536 2053 ὅ
558 2013 667 2054 delei:
692 2013 887 2054 Cobetus.
949 2014 1050 2054 Posi]
1082 2014 1279 2068 ἀνάλογον
1299 2014 1404 2056 adde
1435 2017 1543 2069 quod
1574 2019 1795 2072 typothe‘ta

265 2080 405 2122 omisit]
427 2084 478 2136 τῷ
501 2081 611 2134 φέρε.

325 2163 393 2204 92.
416 2164 483 2206 33.
513 2152 844 2203 ἇπεκδεξαμένους
864 2152 1134 2193 Villoisonus.
1195 2152 1249 2193 In
1273 2154 1313 2193 A
1336 2157 1398 2194 est
1430 2154 1796 2206 παραδεξαμένους,

267 2219 377 2273 quod
398 2219 721 2271 restituendum,
745 2221 772 2261 i.
787 2235 821 2262 e.
845 2236 951 2262 secus
979 2221 1226 2275 accipientes.
1287 2222 1365 2262 Est
1392 2223 1473 2262 rari
1495 2238 1592 2263 usus
1612 2224 1798 2273 verbum,

267 2286 382 2328 cuius
413 2286 492 2328 duo
523 2289 710 2343 exempla
741 2305 780 2331 v.
814 2290 857 2330 in
879 2290 1000 2330 Thes.
1027 2291 1107 2331 vol.
1131 2291 1157 2330 6
1178 2306 1218 2345 p.
1239 2291 1337 2342 466.
1399 2292 1528 2332 Aliud
1560 2292 1796 2346 exemplum

271 2359 334 2396 est
354 2355 398 2395 in
420 2356 574 2397 scholio
599 2357 651 2397 ad
678 2358 741 2408 16,
767 2357 847 2400 822
870 2358 951 2399 vol.
971 2371 993 2401 2
1016 2374 1057 2413 p.
1085 2372 1177 2408 121,
1210 2372 1259 2414 19
1282 2359 1584 2411 παρεξεδέξαντο
1607 2362 1644 2400 οἱ
1665 2366 1796 2413 γλωσ-

272 2424 482 2477 σογράφοι.
551 2425 663 2465 Nam
699 2426 756 2467 sic
789 2430 899 2467 reete
932 2427 1110 2468 correxit
1141 2427 1323 2468 Cobetus
1354 2428 1461 2482 quod
1494 2428 1536 2468 in
1568 2429 1706 2470 codice
1738 2434 1801 2470 est

270 2492 552 2543 ἆπεκδέξαντο,
579 2494 686 2535 male
707 2495 751 2535 in
774 2495 1008 2547 ἀπεδέξαντο
1034 2500 1244 2537 mutatum
1267 2512 1290 2537 a
1310 2496 1514 2538 Bekkoro.

327 2561 393 2614 98.
422 2575 438 2601 Ι
447 2575 485 2616 3.
519 2563 860 2614 διακραδναθέντος
894 2565 1141 2618 typothetae
1181 2580 1293 2606 error
1332 2580 1405 2619 pro
1447 2566 1799 2617 διακραδανθέυτος,

269 2629 379 2683 quod
401 2630 566 2671 restitui
586 2646 658 2685 pro
680 2633 1011 2685 διακραδαθέντος.

331 2711 424 2740 102.
452 2711 514 2741 12.
550 2700 653 2741 κάδδ’
686 2701 803 2742 αὐτοῦ
832 2702 926 2742 λίνα
957 2705 1074 2755 χεῦον
1101 2704 1164 2743 ὑπ’
1195 2704 1373 2754 ἠλάκατα
1403 2702 1660 2761 τανύσαντες]
1690 2705 1801 2745 Sunb

270 2766 369 2807 hacc
401 2767 613 2820 Apollonii
647 2769 729 2809 Rh.
762 2770 887 2810 verba
912 2784 946 2816 Ι,
985 2772 1077 2822 565,
1117 2772 1189 2812 ubi
1220 2772 1376 2826 legitur
1407 2775 1476 2813 καδ
1504 2775 1535 2812 δ’
1564 2773 1679 2813 αὐτοῦ
1709 2774 1802 2813 λίνα

270 2839 391 2888 χεῦαν
412 2835 476 2876 ὑπ’
497 2837 697 2888 ἠλακάτην
717 2840 964 2881 τανύσαντες.
1028 2839 1080 2879 In
1102 2839 1245 2894 Etym.
1269 2840 1332 2880 M.
1355 2855 1394 2894 p.
1412 2853 1510 2891 424,
1534 2851 1589 2894 50
1610 2844 1673 2881 esss
1696 2840 1797 2882 καδδ’

271 2904 392 2944 αὐτῶν
414 2905 504 2945 λίνα
524 2909 642 2959 χεῦον
662 2908 891 2957 ὑπηλάκατα
912 2908 1163 2950 τανύσαντες.

334 2983 426 3012 121.
458 2986 518 3026 ¹9·
555 2973 677 3014 Quod
710 2974 752 3014 in
776 2976 812 3015 A
835 2978 897 3016 cst
930 2977 1192 3027 ἀπεκδέξαντο
1224 2977 1267 3017 in
1301 2977 1608 3031 παρεξεὸέξαι·το
1639 2981 1799 3019 mutare
