1974 3305
655 132 881 169 ΙΛΙΑΔΟΣ
924 132 971 168 Α.
1015 129 1097 180 (1)
1559 129 1640 167 301

173 229 240 282 89.
273 225 443 284 ἐποίσει]
461 228 649 278 ἐπιβαλεῖ
741 238 810 277 90.
835 225 911 265 οὐδ’
930 224 977 275 ἢν
994 224 1274 277 Ἀγαμέμνονα
1292 222 1418 281 εἴπῃς]
1442 224 1644 276 ὑπερβολή

173 310 241 351 91.
275 294 444 352 πολλὸν]
471 297 567 336 κατὰ
588 296 690 335 πολύ

174 376 242 419 95.
275 364 357 406 οὐδ’
380 361 573 419 ἀπέλυσε]
599 364 666 404 οὐκ
688 363 940 415 ἀπελύτρωσε
1118 373 1185 416 97.
1220 359 1375 418 ἀφέξει]
1399 363 1541 403 παύσει

174 447 242 488 99.
274 434 385 486 ἄγειν
405 430 463 490 θ’]
487 431 726 484 παράλειψις
749 431 980 483 (παράλιψω
1002 431 1059 480 A)

176 513 270 555 103.
302 497 606 556 ἀμφιμέλαιναι]
640 501 680 540 αἱ
711 501 753 541 ἐν
783 500 901 551 βάθει
933 498 1144 550 κείμεναιῆ
1170 498 1450 552 τεταραγμέναι
1482 502 1544 541 διὰ
1575 499 1645 550 τὴν

115 568 238 622 ὀργήν

178 649 228 677 10
232 647 270 691 5.
302 634 520 692 πρώτιστα]
543 636 617 688 πρὸ
641 636 798 678 πάντων

174 704 254 745 κάκ’
277 702 519 761 ὀσσόμενος]
542 704 668 746 δεινὸν
691 706 750 746 καὶ
772 706 936 757 ὀργίλον
956 703 1294 757 ὑποβλεψάμενος

177 773 269 813 106.
301 773 346 813 τὸ
369 771 557 830 κρήγυον]
583 774 626 814 τὸ
649 775 796 827 ἀγαθόν

176 854 270 895 109.
302 840 576 899 θεοπροπέων]
604 844 890 893 μαντευόμενος

177 922 191 950 1
208 922 268 951 10.
302 908 420 967 σφιν]
445 911 574 953 αὐτοῖς
594 914 675 953 τοῖς
690 909 892 961 ’Έλλησιν

175 991 191 1019 1
204 991 269 1034 13.
301 977 671 1035 Κλυταιμνήστρης]
697 978 861 1029 Ἑλένης
882 978 1036 1031 ἀδελφή

170 1045 452 1104 προβέβουλα]
479 1048 722 1100 προκέκρικα,
746 1054 919 1100 προτιμῶ

175 1126 267 1171 115.
301 1113 436 1174 δέμας]
461 1116 505 1157 τὸ
528 1120 640 1168 σῶμα
816 1118 903 1158 οὐδὲ
926 1116 1049 1174 φυὴν]
1075 1119 1162 1159 οὐδὲ
1184 1117 1253 1168 τὴν
1275 1116 1437 1169 εὐφυΐαν

175 1186 269 1226 116.
302 1186 365 1226 καὶ
386 1182 456 1242 ὣς]
480 1186 583 1237 ὅμως

175 1253 267 1294 118.
302 1250 437 1310 γέρας]
460 1252 573 1304 τιμήν
747 1251 892 1310 αὐτίχ’]
918 1254 1057 1296 εὐθέως

175 1335 269 1377 119.
301 1321 390 1363 οὐδὲ
413 1319 535 1378 ἔοικε]
559 1322 648 1362 οὐδὲ
670 1324 743 1374 γὰρ
764 1323 902 1373 πρέπει

175 1403 268 1432 120.
300 1388 513 1447 λεύσσετε]
537 1392 665 1442 ὁρᾶτε,
686 1390 859 1441 βλέπετε

170 1461 194 1500 ὅ
212 1457 298 1517 μοι]
322 1459 501 1510 ἀποκοπὴ
522 1462 589 1499 τοῦ
610 1460 668 1499 ὅτι
690 1475 756 1510 μοι
929 1458 1053 1516 ἄλλῃ]
1079 1461 1259 1512 ἀλλαχοῦ

176 1540 269 1570 122.
303 1525 665 1584 φιλοκτεανώτατε]
691 1529 1068 1581 φιλοχρηματώτατε

174 1611 187 1638 ]
201 1610 268 1650 24.
300 1594 454 1653 ξυνήϊα]
479 1598 588 1637 κοινὰ
608 1596 787 1650 χρήματα

176 1676 268 1719 125.
302 1666 408 1706 ἀλλὰ
431 1667 478 1706 τὰ
497 1663 589 1722 μὲν]
613 1664 719 1705 ἀλλά
738 1681 826 1706 τινα

169 1737 217 1776 τὰ
238 1731 443 1791 δέδασται]
467 1737 588 1774 ταῦτα
607 1733 835 1785 μεμέρισται

175 1813 268 1856 127.
300 1800 436 1859 πρόες]
459 1804 700 1856 πρόπεμψον
885 1803 976 1844 128.
1011 1805 1051 1844 αἵ
1070 1803 1114 1844 κε’
1134 1802 1244 1861 ποθι]
1270 1804 1339 1845 ἐάν
1361 1821 1455 1846 ποτε

175 1883 266 1925 129.
297 1869 462 1927 Τροίην]
486 1871 767 1924 τρισυλλάβως

176 1953 268 1996 131.
301 1937 463 1997 ἀγαθός]
491 1943 669 1992 γενναῖος
843 1937 935 1996 περ]
961 1941 1286 1992 ἐναντιωματικόν

176 2020 270 2060 132.
304 2007 446 2049 κλέπτε
469 2006 565 2065 νόῳ]
589 2010 853 2061 παραλογίζου
875 2010 918 2060 τῇ
943 2011 1095 2064 διανοίᾳ

177 2089 268 2130 134.
300 2073 442 2133 ἧσθαι]
467 2079 692 2125 καθέζεσθαι
870 2079 965 2130 136.
998 2078 1198 2134 ἀντάξιος]
1227 2080 1272 2131 τῇ
1297 2081 1368 2135 ἐμῇ
1391 2081 1478 2135 ἀξίᾳ

177 2156 269 2199 137.
301 2143 472 2201 δώωσιν]
496 2147 564 2185 τοῦ
585 2147 682 2185 δῶσι
703 2146 889 2196 διαίρεσις

176 2215 269 2271 138.
301 2210 411 2270 τεὸν]
436 2214 505 2265 τὴν
526 2213 716 2265 Βρισηΐδα

173 2279 358 2339 Αἴαντος]
381 2281 624 2333 Τέκμησσαν
797 2280 1011 2339 Ὀδυσῆος]
1036 2285 1230 2334 Λαοδίκην

177 2365 270 2407 139.
303 2349 343 2408 ὁ]
368 2351 480 2394 οὗτος
655 2351 699 2391 ὅν
721 2348 807 2407 κεν]
832 2349 896 2403 ἐφ’
919 2351 964 2392 ὃν
984 2352 1034 2392 ἄν

177 2433 270 2473 140.
301 2421 666 2472 μεταφρασόμεσθα
688 2420 749 2459 καὶ
772 2417 896 2476 αὖτις]
920 2421 982 2461 καὶ
1005 2422 1048 2461 ἐν
1069 2420 1215 2476 ὑστέρῳ
1236 2424 1539 2473 βουλευσόμεθα

177 2501 271 2540 142.
303 2486 496 2545 ἐπιτηδὲς]
522 2490 727 2539 ἐπιτηδεῖς,
749 2487 931 2539 ἕκθλιψις
1111 2499 1203 2541 147.
1234 2488 1346 2547 ἥμιν]
1371 2491 1574 2543 ἐγκλιτέον

178 2559 270 2610 148.
301 2559 451 2610 ὑπόδρα
473 2555 584 2614 ἰδὼν]
609 2556 734 2598 δεινὸν
754 2556 1089 2610 ὑποβλεψάμενος

177 2637 272 2681 153.
304 2623 436 2682 δεῦρο]
461 2628 625 2666 ἐνταῦθα

179 2705 270 2749 155.
302 2692 424 2751 Φθίῃ]
447 2695 564 2736 πόλις
586 2695 834 2745 Θεσσαλίας,
856 2696 992 2748 πατρὶς
1012 2697 1232 2750 Ἀχιλλέως
1254 2698 1370 2750 (ἆχΰ)

179 2774 271 2817 157.
305 2759 440 2819 οὔρεα]
465 2763 612 2803 Ἰώνων
789 2773 882 2818 159.
915 2763 1051 2822 τιμὴν]
1075 2767 1261 2817 τιμωρίαν

174 2833 242 2873 σοί
259 2849 314 2880 τε,
337 2829 516 2888 κυνῶπα]
541 2831 624 2872 ἀντὶ
647 2835 712 2872 τοῦ
739 2834 822 2884 (τοῦ
843 2848 926 2876 om.
947 2833 1002 2888 A)
1029 2834 1090 2874 καὶ
1111 2836 1206 2886 ὑπὲρ
1229 2838 1316 2886 σοῦ,
1339 2834 1368 2876 ὦ
1391 2836 1647 2878 ἀναιδέστατε

179 2900 271 2941 160.
305 2900 385 2940 οὐδ’
407 2897 619 2957 ἀλεγίζεις]
644 2901 695 2943 ὥς
715 2901 863 2954 ἐχθρῶν
885 2919 949 2943 σοι

180 2968 274 3009 161.
307 2966 501 3024 ἀπειλεῖς]
525 2970 713 3026 ὑπισχνῇ,
731 2969 867 3023 «λέγεις

1663 515 1686 554 5

1667 862 1712 886 10

1667 1551 1715 1575 20

1666 2235 1716 2271 30

1669 2924 1719 2958 40
