<?xml version="1.0" encoding="UTF-8"?>
<!DOCTYPE html PUBLIC "-//W3C//DTD XHTML 1.0 Transitional//EN"
    "http://www.w3.org/TR/xhtml1/DTD/xhtml1-transitional.dtd">
<html xmlns="http://www.w3.org/1999/xhtml" xml:lang="en" lang="en">
 <head>
  <title>
</title>
<meta http-equiv="Content-Type" content="text/html;charset=utf-8" />
  <meta name='ocr-system' content='tesseract 3.04.00' />
  <meta name='ocr-capabilities' content='ocr_page ocr_carea ocr_par ocr_line ocrx_word'/>
</head>
<body>
  <div class='ocr_page' id='page_1' title='image "./scholiagraecainh02homeuoft_0328.png"; bbox 0 0 1974 3305; ppageno 0'>
   <div class='ocr_carea' id='block_1_1' title="bbox 279 138 1281 190">
    <p class='ocr_par' dir='ltr' id='par_1_1' title="bbox 279 138 1281 190">
     <span class='ocr_line' id='line_1_1' title="bbox 279 138 1281 190; baseline -0.001 -12"><span class='ocrx_word' id='word_1_1' title='bbox 279 139 362 179; x_wconf 75' lang='lat'>322</span> <span class='ocrx_word' id='word_1_2' title='bbox 810 140 1036 179; x_wconf 78' lang='grc' dir='ltr'>ΙΛιΑΔοΣ</span> <span class='ocrx_word' id='word_1_3' title='bbox 1081 140 1126 178; x_wconf 85' lang='lat' dir='ltr'>K.</span> <span class='ocrx_word' id='word_1_4' title='bbox 1171 138 1281 190; x_wconf 81' lang='lat'>(10)</span> 
     </span>
    </p>
   </div>
   <div class='ocr_carea' id='block_1_2' title="bbox 337 237 1898 1385">
    <p class='ocr_par' dir='ltr' id='par_1_2' title="bbox 340 237 1280 296">
     <span class='ocr_line' id='line_1_2' title="bbox 340 237 1280 296; baseline -0.001 -15"><span class='ocrx_word' id='word_1_5' title='bbox 340 240 435 281; x_wconf 85' lang='lat'><strong>262.</strong></span> <span class='ocrx_word' id='word_1_6' title='bbox 467 241 573 292; x_wconf 85' lang='grc' dir='ltr'>ῥινοῦ</span> <span class='ocrx_word' id='word_1_7' title='bbox 595 237 780 296; x_wconf 90' lang='grc' dir='ltr'>ποιητήν]</span> <span class='ocrx_word' id='word_1_8' title='bbox 803 241 845 281; x_wconf 89' lang='grc' dir='ltr'>ἐκ</span> <span class='ocrx_word' id='word_1_9' title='bbox 867 240 1052 293; x_wconf 83' lang='grc' dir='ltr'>δέρματος</span> <span class='ocrx_word' id='word_1_10' title='bbox 1073 244 1280 293; x_wconf 88' lang='grc' dir='ltr'>γεγονυῖαν</span> 
     </span>
    </p>

    <p class='ocr_par' dir='ltr' id='par_1_3' title="bbox 338 304 1705 365">
     <span class='ocr_line' id='line_1_3' title="bbox 338 304 1705 365; baseline 0 -17"><span class='ocrx_word' id='word_1_11' title='bbox 338 308 434 357; x_wconf 89' lang='grc'><strong>264.</strong></span> <span class='ocrx_word' id='word_1_12' title='bbox 467 305 624 364; x_wconf 85' lang='grc' dir='ltr'>θαμέες]</span> <span class='ocrx_word' id='word_1_13' title='bbox 648 309 789 349; x_wconf 91' lang='grc' dir='ltr'>πυκνοί</span> <span class='ocrx_word' id='word_1_14' title='bbox 962 308 1059 360; x_wconf 84' lang='lat'><strong>265.</strong></span> <span class='ocrx_word' id='word_1_15' title='bbox 1090 304 1228 365; x_wconf 83' lang='grc' dir='ltr'>πῖλος]</span> <span class='ocrx_word' id='word_1_16' title='bbox 1251 307 1294 348; x_wconf 86' lang='grc' dir='ltr'>τὸ</span> <span class='ocrx_word' id='word_1_17' title='bbox 1314 307 1580 358; x_wconf 78' lang='grc' dir='ltr'>πεπιλημένον</span> <span class='ocrx_word' id='word_1_18' title='bbox 1601 307 1705 359; x_wconf 84' lang='grc' dir='ltr'>ἔριον</span> 
     </span>
    </p>

    <p class='ocr_par' dir='ltr' id='par_1_4' title="bbox 337 373 1690 500">
     <span class='ocr_line' id='line_1_4' title="bbox 339 373 1690 433; baseline 0.001 -16"><span class='ocrx_word' id='word_1_19' title='bbox 339 376 435 417; x_wconf 90' lang='grc'><strong>266.</strong></span> <span class='ocrx_word' id='word_1_20' title='bbox 470 374 682 433; x_wconf 84' lang='grc' dir='ltr'>Ἐλεῶνος]</span> <span class='ocrx_word' id='word_1_21' title='bbox 706 378 823 419; x_wconf 86' lang='grc' dir='ltr'>πόλις</span> <span class='ocrx_word' id='word_1_22' title='bbox 998 376 1095 429; x_wconf 87' lang='grc'><strong>267.</strong></span> <span class='ocrx_word' id='word_1_23' title='bbox 1130 373 1373 432; x_wconf 83' lang='grc' dir='ltr'>Αὐτόλυκος]</span> <span class='ocrx_word' id='word_1_24' title='bbox 1397 377 1418 416; x_wconf 88' lang='grc' dir='ltr'>ὁ</span> <span class='ocrx_word' id='word_1_25' title='bbox 1438 374 1586 427; x_wconf 84' lang='grc' dir='ltr'>Ἑρμοῦ</span> <span class='ocrx_word' id='word_1_26' title='bbox 1608 376 1690 418; x_wconf 85' lang='grc' dir='ltr'>υἱός</span> 
     </span>
     <span class='ocr_line' id='line_1_5' title="bbox 337 442 1609 500; baseline 0.001 -16"><span class='ocrx_word' id='word_1_27' title='bbox 337 442 518 500; x_wconf 84' lang='grc' dir='ltr'>πυκινὸν]</span> <span class='ocrx_word' id='word_1_28' title='bbox 545 446 707 498; x_wconf 84' lang='grc' dir='ltr'>ἰσχυρόν</span> <span class='ocrx_word' id='word_1_29' title='bbox 881 442 1160 500; x_wconf 87' lang='grc' dir='ltr'>ἀντιτορήσας]</span> <span class='ocrx_word' id='word_1_30' title='bbox 1185 442 1375 495; x_wconf 83' lang='grc' dir='ltr'>διορύξας,</span> <span class='ocrx_word' id='word_1_31' title='bbox 1399 443 1609 495; x_wconf 85' lang='grc' dir='ltr'>διατρήσας</span> 
     </span>
    </p>

    <p class='ocr_par' dir='ltr' id='par_1_5' title="bbox 338 505 1898 636">
     <span class='ocr_line' id='line_1_6' title="bbox 338 505 1898 569; baseline 0.001 -17"><span class='ocrx_word' id='word_1_32' title='bbox 338 509 436 552; x_wconf 89' lang='grc'><strong>268.</strong></span> <span class='ocrx_word' id='word_1_33' title='bbox 473 510 673 568; x_wconf 85' lang='grc' dir='ltr'>Κυθηρίῳ]</span> <span class='ocrx_word' id='word_1_34' title='bbox 696 513 813 554; x_wconf 85' lang='grc' dir='ltr'>πόλις</span> <span class='ocrx_word' id='word_1_35' title='bbox 988 523 1084 564; x_wconf 91' lang='grc'><strong>271.</strong></span> <span class='ocrx_word' id='word_1_36' title='bbox 1117 508 1313 569; x_wconf 81' lang='grc' dir='ltr'>πύκασεν]</span> <span class='ocrx_word' id='word_1_37' title='bbox 1338 511 1560 552; x_wconf 90' lang='grc' dir='ltr'>ἐσκέπασεν</span> <span class='ocrx_word' id='word_1_38' title='bbox 1830 520 1853 558; x_wconf 88' lang='lat'>5</span> <span class='ocrx_word' id='word_1_39' title='bbox 1895 505 1898 509; x_wconf 45' lang='grc'>’</span> 
     </span>
     <span class='ocr_line' id='line_1_7' title="bbox 339 577 1459 636; baseline -0.001 -15"><span class='ocrx_word' id='word_1_40' title='bbox 339 588 437 634; x_wconf 84' lang='grc'><strong>273.</strong></span> <span class='ocrx_word' id='word_1_41' title='bbox 472 577 576 636; x_wconf 82' lang='grc' dir='ltr'>κατ’]</span> <span class='ocrx_word' id='word_1_42' title='bbox 600 578 687 631; x_wconf 79' lang='grc' dir='ltr'>παρ’</span> <span class='ocrx_word' id='word_1_43' title='bbox 866 591 962 632; x_wconf 88' lang='grc'><strong>274.</strong></span> <span class='ocrx_word' id='word_1_44' title='bbox 998 577 1178 636; x_wconf 86' lang='grc' dir='ltr'>ἐρωδιὸν]</span> <span class='ocrx_word' id='word_1_45' title='bbox 1203 579 1302 621; x_wconf 81' lang='grc' dir='ltr'>εἶδος</span> <span class='ocrx_word' id='word_1_46' title='bbox 1324 578 1459 631; x_wconf 86' lang='grc' dir='ltr'>ὀρνέου</span> 
     </span>
    </p>

    <p class='ocr_par' dir='ltr' id='par_1_6' title="bbox 340 645 1353 704">
     <span class='ocr_line' id='line_1_8' title="bbox 340 645 1353 704; baseline 0 -15"><span class='ocrx_word' id='word_1_47' title='bbox 340 646 438 689; x_wconf 90' lang='grc'><strong>280.</strong></span> <span class='ocrx_word' id='word_1_48' title='bbox 473 645 690 704; x_wconf 84' lang='grc' dir='ltr'>κινύμενος]</span> <span class='ocrx_word' id='word_1_49' title='bbox 717 649 953 698; x_wconf 88' lang='grc' dir='ltr'>κινούμενος,</span> <span class='ocrx_word' id='word_1_50' title='bbox 974 649 1037 689; x_wconf 85' lang='grc' dir='ltr'>ἐπὶ</span> <span class='ocrx_word' id='word_1_51' title='bbox 1062 647 1202 699; x_wconf 78' lang='grc' dir='ltr'>πρᾶξιν</span> <span class='ocrx_word' id='word_1_52' title='bbox 1223 649 1353 700; x_wconf 87' lang='grc' dir='ltr'>ὁρμῶν</span> 
     </span>
    </p>

    <p class='ocr_par' dir='ltr' id='par_1_7' title="bbox 341 713 1778 840">
     <span class='ocr_line' id='line_1_9' title="bbox 341 713 1778 772; baseline -0.001 -15"><span class='ocrx_word' id='word_1_53' title='bbox 341 714 435 757; x_wconf 85' lang='grc'><strong>281.</strong></span> <span class='ocrx_word' id='word_1_54' title='bbox 468 713 608 772; x_wconf 87' lang='grc' dir='ltr'>πάλιν]</span> <span class='ocrx_word' id='word_1_55' title='bbox 634 718 686 758; x_wconf 82' lang='grc' dir='ltr'>εἷς</span> <span class='ocrx_word' id='word_1_56' title='bbox 710 716 883 756; x_wconf 85' lang='grc' dir='ltr'>τούπίσω</span> <span class='ocrx_word' id='word_1_57' title='bbox 1060 715 1112 757; x_wconf 86' lang='grc'><strong>28</strong></span> <span class='ocrx_word' id='word_1_58' title='bbox 1116 724 1155 768; x_wconf 82' lang='lat'>5.</span> <span class='ocrx_word' id='word_1_59' title='bbox 1189 717 1304 756; x_wconf 87' lang='grc' dir='ltr'>σπεῖό</span> <span class='ocrx_word' id='word_1_60' title='bbox 1323 713 1411 772; x_wconf 87' lang='grc' dir='ltr'>μοι]</span> <span class='ocrx_word' id='word_1_61' title='bbox 1435 715 1778 766; x_wconf 87' lang='grc' dir='ltr'>συνακολούθησον</span> 
     </span>
     <span class='ocr_line' id='line_1_10' title="bbox 341 782 1008 840; baseline 0.003 -16"><span class='ocrx_word' id='word_1_62' title='bbox 341 783 436 835; x_wconf 88' lang='grc'><strong>287.</strong></span> <span class='ocrx_word' id='word_1_63' title='bbox 468 782 658 840; x_wconf 76' lang='grc' dir='ltr'>Ἀσωπῷ]</span> <span class='ocrx_word' id='word_1_64' title='bbox 683 785 798 826; x_wconf 88' lang='grc' dir='ltr'>πόλις</span> <span class='ocrx_word' id='word_1_65' title='bbox 820 785 1008 826; x_wconf 80' lang='grc' dir='ltr'>Βοιωτίας</span> 
     </span>
    </p>

    <p class='ocr_par' dir='ltr' id='par_1_8' title="bbox 340 849 1884 976">
     <span class='ocr_line' id='line_1_11' title="bbox 340 849 1884 907; baseline 0.003 -16"><span class='ocrx_word' id='word_1_66' title='bbox 340 851 437 891; x_wconf 90' lang='grc'><strong>288.</strong></span> <span class='ocrx_word' id='word_1_67' title='bbox 470 849 743 907; x_wconf 84' lang='grc' dir='ltr'>Καδμείοισιν]</span> <span class='ocrx_word' id='word_1_68' title='bbox 768 855 848 894; x_wconf 83' lang='grc' dir='ltr'>τοῖς</span> <span class='ocrx_word' id='word_1_69' title='bbox 871 853 1070 902; x_wconf 82' lang='grc' dir='ltr'>Θηβαίοις</span> <span class='ocrx_word' id='word_1_70' title='bbox 1836 862 1884 887; x_wconf 89' lang='lat'>10</span> 
     </span>
     <span class='ocr_line' id='line_1_12' title="bbox 340 917 1184 976; baseline 0.002 -17"><span class='ocrx_word' id='word_1_71' title='bbox 340 931 436 972; x_wconf 90' lang='lat'><strong>290.</strong></span> <span class='ocrx_word' id='word_1_72' title='bbox 470 917 732 976; x_wconf 87' lang='grc' dir='ltr'>πρόφρασσα]</span> <span class='ocrx_word' id='word_1_73' title='bbox 756 921 957 972; x_wconf 86' lang='grc' dir='ltr'>πρόφρων,</span> <span class='ocrx_word' id='word_1_74' title='bbox 982 920 1184 971; x_wconf 86' lang='grc' dir='ltr'>προθύμως</span> 
     </span>
    </p>

    <p class='ocr_par' dir='ltr' id='par_1_9' title="bbox 340 985 1477 1045">
     <span class='ocr_line' id='line_1_13' title="bbox 340 985 1477 1045; baseline 0.002 -17"><span class='ocrx_word' id='word_1_75' title='bbox 340 1000 437 1040; x_wconf 91' lang='grc'><strong>292.</strong></span> <span class='ocrx_word' id='word_1_76' title='bbox 470 985 574 1043; x_wconf 80' lang='grc' dir='ltr'>ἦνιν]</span> <span class='ocrx_word' id='word_1_77' title='bbox 600 988 802 1028; x_wconf 84' lang='grc' dir='ltr'>ἐνιαυσίαν</span> <span class='ocrx_word' id='word_1_78' title='bbox 977 1001 1075 1042; x_wconf 85' lang='grc'><strong>304.</strong></span> <span class='ocrx_word' id='word_1_79' title='bbox 1111 986 1262 1045; x_wconf 84' lang='grc' dir='ltr'>ἄρκιος]</span> <span class='ocrx_word' id='word_1_80' title='bbox 1287 987 1477 1039; x_wconf 82' lang='grc' dir='ltr'>αὐτάρκης</span> 
     </span>
    </p>

    <p class='ocr_par' dir='ltr' id='par_1_10' title="bbox 339 1053 1073 1112">
     <span class='ocr_line' id='line_1_14' title="bbox 339 1053 1073 1112; baseline 0.001 -17"><span class='ocrx_word' id='word_1_81' title='bbox 339 1066 436 1110; x_wconf 96' lang='grc'><strong>307.</strong></span> <span class='ocrx_word' id='word_1_82' title='bbox 472 1056 512 1096; x_wconf 77' lang='grc' dir='ltr'>οἳ</span> <span class='ocrx_word' id='word_1_83' title='bbox 528 1055 561 1095; x_wconf 86' lang='grc' dir='ltr'>τ’</span> <span class='ocrx_word' id='word_1_84' title='bbox 584 1053 706 1112; x_wconf 80' lang='grc' dir='ltr'>αὐτῷ]</span> <span class='ocrx_word' id='word_1_85' title='bbox 732 1056 793 1096; x_wconf 79' lang='grc' dir='ltr'>καὶ</span> <span class='ocrx_word' id='word_1_86' title='bbox 814 1055 928 1098; x_wconf 83' lang='grc' dir='ltr'>αὐτὸς</span> <span class='ocrx_word' id='word_1_87' title='bbox 950 1057 1073 1111; x_wconf 80' lang='grc' dir='ltr'>ἐαυτῷ</span> 
     </span>
    </p>

    <p class='ocr_par' dir='ltr' id='par_1_11' title="bbox 339 1121 1386 1181">
     <span class='ocr_line' id='line_1_15' title="bbox 339 1121 1386 1181; baseline 0.002 -18"><span class='ocrx_word' id='word_1_88' title='bbox 339 1136 435 1178; x_wconf 91' lang='grc'><strong>311.</strong></span> <span class='ocrx_word' id='word_1_89' title='bbox 468 1123 587 1177; x_wconf 81' lang='grc' dir='ltr'>φύξιν</span> <span class='ocrx_word' id='word_1_90' title='bbox 606 1121 868 1181; x_wconf 80' lang='grc' dir='ltr'>βουλεύουσι]</span> <span class='ocrx_word' id='word_1_91' title='bbox 893 1124 1129 1177; x_wconf 81' lang='grc' dir='ltr'>προσφυγὴν</span> <span class='ocrx_word' id='word_1_92' title='bbox 1152 1125 1386 1166; x_wconf 85' lang='grc' dir='ltr'>σκέπτονται</span> 
     </span>
    </p>

    <p class='ocr_par' dir='ltr' id='par_1_12' title="bbox 340 1189 1884 1317">
     <span class='ocr_line' id='line_1_16' title="bbox 340 1189 1884 1249; baseline 0.003 -17"><span class='ocrx_word' id='word_1_93' title='bbox 340 1204 438 1247; x_wconf 90' lang='grc'><strong>312.</strong></span> <span class='ocrx_word' id='word_1_94' title='bbox 473 1189 676 1249; x_wconf 89' lang='grc' dir='ltr'>ἀδηκότες]</span> <span class='ocrx_word' id='word_1_95' title='bbox 702 1191 910 1243; x_wconf 89' lang='grc' dir='ltr'>κάμνοντες</span> <span class='ocrx_word' id='word_1_96' title='bbox 1837 1199 1884 1237; x_wconf 91' lang='lat'>15</span> 
     </span>
     <span class='ocr_line' id='line_1_17' title="bbox 340 1258 1315 1317; baseline -0.001 -15"><span class='ocrx_word' id='word_1_97' title='bbox 340 1272 437 1315; x_wconf 89' lang='grc'><strong>324.</strong></span> <span class='ocrx_word' id='word_1_98' title='bbox 472 1260 547 1301; x_wconf 82' lang='grc' dir='ltr'>ἀπὸ</span> <span class='ocrx_word' id='word_1_99' title='bbox 570 1258 705 1317; x_wconf 82' lang='grc' dir='ltr'>δόξης]</span> <span class='ocrx_word' id='word_1_100' title='bbox 730 1260 806 1301; x_wconf 85' lang='grc' dir='ltr'>ἀπὸ</span> <span class='ocrx_word' id='word_1_101' title='bbox 827 1260 1021 1312; x_wconf 90' lang='grc' dir='ltr'>δοκήσεως</span> <span class='ocrx_word' id='word_1_102' title='bbox 1043 1261 1106 1301; x_wconf 86' lang='grc' dir='ltr'>καὶ</span> <span class='ocrx_word' id='word_1_103' title='bbox 1127 1263 1315 1312; x_wconf 84' lang='grc' dir='ltr'>εἰκασμοῦ</span> 
     </span>
    </p>

    <p class='ocr_par' dir='ltr' id='par_1_13' title="bbox 339 1325 1814 1385">
     <span class='ocr_line' id='line_1_18' title="bbox 339 1325 1814 1385; baseline -0.001 -14"><span class='ocrx_word' id='word_1_104' title='bbox 339 1329 436 1384; x_wconf 89' lang='grc'><strong>326.</strong></span> <span class='ocrx_word' id='word_1_105' title='bbox 469 1326 705 1385; x_wconf 83' lang='grc' dir='ltr'>μέλλουσιν]</span> <span class='ocrx_word' id='word_1_106' title='bbox 730 1329 815 1369; x_wconf 87' lang='grc' dir='ltr'>ἀντὶ</span> <span class='ocrx_word' id='word_1_107' title='bbox 837 1332 904 1369; x_wconf 81' lang='grc' dir='ltr'>τοῦ</span> <span class='ocrx_word' id='word_1_108' title='bbox 924 1330 1077 1370; x_wconf 89' lang='grc' dir='ltr'>ἐοίκασι</span> <span class='ocrx_word' id='word_1_109' title='bbox 1166 1342 1263 1383; x_wconf 89' lang='grc'><strong>331.</strong></span> <span class='ocrx_word' id='word_1_110' title='bbox 1291 1325 1519 1384; x_wconf 86' lang='grc' dir='ltr'>διαμπερές]</span> <span class='ocrx_word' id='word_1_111' title='bbox 1542 1327 1656 1381; x_wconf 79' lang='grc' dir='ltr'>μέχρι</span> <span class='ocrx_word' id='word_1_112' title='bbox 1678 1326 1814 1369; x_wconf 83' lang='grc' dir='ltr'>τέλους</span> 
     </span>
    </p>
   </div>
   <div class='ocr_carea' id='block_1_3' title="bbox 339 1394 1886 1659">
    <p class='ocr_par' dir='ltr' id='par_1_14' title="bbox 339 1394 1815 1522">
     <span class='ocr_line' id='line_1_19' title="bbox 339 1394 1815 1454; baseline -0.003 -15"><span class='ocrx_word' id='word_1_113' title='bbox 339 1410 437 1453; x_wconf 89' lang='grc'><strong>332.</strong></span> <span class='ocrx_word' id='word_1_114' title='bbox 469 1395 671 1454; x_wconf 86' lang='grc' dir='ltr'>ὀρόθυνεν]</span> <span class='ocrx_word' id='word_1_115' title='bbox 694 1396 913 1450; x_wconf 80' lang='grc' dir='ltr'>προέτρεψε</span> <span class='ocrx_word' id='word_1_116' title='bbox 1042 1410 1138 1453; x_wconf 87' lang='grc'><strong>334.</strong></span> <span class='ocrx_word' id='word_1_117' title='bbox 1171 1401 1327 1438; x_wconf 85' lang='grc' dir='ltr'>πολιοῖο</span> <span class='ocrx_word' id='word_1_118' title='bbox 1350 1394 1508 1453; x_wconf 88' lang='grc' dir='ltr'>λύκοιο]</span> <span class='ocrx_word' id='word_1_119' title='bbox 1532 1399 1672 1438; x_wconf 88' lang='grc' dir='ltr'>λευκοῦ</span> <span class='ocrx_word' id='word_1_120' title='bbox 1694 1396 1815 1436; x_wconf 90' lang='grc' dir='ltr'>λύκου</span> 
     </span>
     <span class='ocr_line' id='line_1_20' title="bbox 341 1463 1032 1522; baseline 0.001 -17"><span class='ocrx_word' id='word_1_121' title='bbox 341 1466 438 1520; x_wconf 84' lang='grc'><strong>346.</strong></span> <span class='ocrx_word' id='word_1_122' title='bbox 469 1463 765 1522; x_wconf 88' lang='grc' dir='ltr'>παραφθαίῃσι]</span> <span class='ocrx_word' id='word_1_123' title='bbox 790 1465 1032 1518; x_wconf 86' lang='grc' dir='ltr'>παραδράμοι</span> 
     </span>
    </p>

    <p class='ocr_par' dir='ltr' id='par_1_15' title="bbox 340 1532 1886 1659">
     <span class='ocr_line' id='line_1_21' title="bbox 341 1532 1886 1591; baseline -0.002 -16"><span class='ocrx_word' id='word_1_124' title='bbox 341 1544 438 1589; x_wconf 84' lang='grc'><strong>347.</strong></span> <span class='ocrx_word' id='word_1_125' title='bbox 471 1532 728 1591; x_wconf 83' lang='grc' dir='ltr'>προτιειλεῖν]</span> <span class='ocrx_word' id='word_1_126' title='bbox 753 1535 940 1587; x_wconf 86' lang='grc' dir='ltr'>σύγκλειε</span> <span class='ocrx_word' id='word_1_127' title='bbox 1115 1534 1214 1589; x_wconf 85' lang='grc'><strong>348.</strong></span> <span class='ocrx_word' id='word_1_128' title='bbox 1248 1532 1394 1591; x_wconf 80' lang='grc' dir='ltr'>ἀλύξῃ]</span> <span class='ocrx_word' id='word_1_129' title='bbox 1418 1534 1569 1589; x_wconf 81' lang='grc' dir='ltr'>ἐκφύγῃ</span> <span class='ocrx_word' id='word_1_130' title='bbox 1837 1548 1886 1572; x_wconf 91' lang='lat'>20</span> 
     </span>
     <span class='ocr_line' id='line_1_22' title="bbox 340 1600 1559 1659; baseline 0.002 -17"><span class='ocrx_word' id='word_1_131' title='bbox 340 1616 365 1657; x_wconf 92' lang='grc'>3</span> <span class='ocrx_word' id='word_1_132' title='bbox 370 1612 438 1654; x_wconf 79' lang='grc'>50.</span> <span class='ocrx_word' id='word_1_133' title='bbox 473 1600 700 1659; x_wconf 84' lang='grc' dir='ltr'>κλινθήτην]</span> <span class='ocrx_word' id='word_1_134' title='bbox 725 1603 951 1655; x_wconf 75' lang='grc' dir='ltr'>ἐκρύβησαν</span> <span class='ocrx_word' id='word_1_135' title='bbox 1127 1600 1385 1659; x_wconf 87' lang='grc' dir='ltr'>ἀφραδίῃσιν]</span> <span class='ocrx_word' id='word_1_136' title='bbox 1411 1603 1559 1644; x_wconf 89' lang='grc' dir='ltr'>ἀνοίαις</span> 
     </span>
    </p>
   </div>
   <div class='ocr_carea' id='block_1_4' title="bbox 341 1669 1296 1863">
    <p class='ocr_par' dir='ltr' id='par_1_16' title="bbox 341 1669 1296 1863">
     <span class='ocr_line' id='line_1_23' title="bbox 341 1669 928 1727; baseline 0.002 -17"><span class='ocrx_word' id='word_1_137' title='bbox 341 1680 436 1725; x_wconf 82' lang='grc'><strong>351.</strong></span> <span class='ocrx_word' id='word_1_138' title='bbox 470 1669 582 1727; x_wconf 68' lang='grc' dir='ltr'>οὖρα]</span> <span class='ocrx_word' id='word_1_139' title='bbox 607 1672 703 1721; x_wconf 82' lang='grc' dir='ltr'>ὅρια,</span> <span class='ocrx_word' id='word_1_140' title='bbox 728 1671 928 1722; x_wconf 86' lang='grc' dir='ltr'>ὁρμήματα</span> 
     </span>
     <span class='ocr_line' id='line_1_24' title="bbox 342 1736 1240 1795; baseline 0 -15"><span class='ocrx_word' id='word_1_141' title='bbox 342 1750 440 1794; x_wconf 80' lang='grc'><strong>357.</strong></span> <span class='ocrx_word' id='word_1_142' title='bbox 474 1736 720 1795; x_wconf 88' lang='grc' dir='ltr'>δουρηνεκές]</span> <span class='ocrx_word' id='word_1_143' title='bbox 746 1740 905 1790; x_wconf 88' lang='grc' dir='ltr'>δόρατος</span> <span class='ocrx_word' id='word_1_144' title='bbox 925 1739 1057 1790; x_wconf 81' lang='grc' dir='ltr'>βολὴν</span> <span class='ocrx_word' id='word_1_145' title='bbox 1077 1737 1100 1789; x_wconf 83' lang='grc' dir='ltr'>ἢ</span> <span class='ocrx_word' id='word_1_146' title='bbox 1120 1742 1240 1790; x_wconf 83' lang='grc' dir='ltr'>μῆκος</span> 
     </span>
     <span class='ocr_line' id='line_1_25' title="bbox 343 1804 1296 1863; baseline 0.001 -17"><span class='ocrx_word' id='word_1_147' title='bbox 343 1807 439 1862; x_wconf 80' lang='grc'><strong>358.</strong></span> <span class='ocrx_word' id='word_1_148' title='bbox 475 1804 624 1863; x_wconf 88' lang='grc' dir='ltr'>ἐνώμα]</span> <span class='ocrx_word' id='word_1_149' title='bbox 641 1808 768 1847; x_wconf 81' lang='grc' dir='ltr'>,ἐκίνει</span> <span class='ocrx_word' id='word_1_150' title='bbox 791 1807 950 1859; x_wconf 64' lang='grc' dir='ltr'>(ἐκείνοι</span> <span class='ocrx_word' id='word_1_151' title='bbox 970 1807 1026 1861; x_wconf 89' lang='grc' dir='ltr'>Α)</span> <span class='ocrx_word' id='word_1_152' title='bbox 1049 1807 1144 1859; x_wconf 86' lang='grc' dir='ltr'>πρὸς</span> <span class='ocrx_word' id='word_1_153' title='bbox 1166 1806 1296 1859; x_wconf 84' lang='grc' dir='ltr'>φυγήν</span> 
     </span>
    </p>
   </div>
   <div class='ocr_carea' id='block_1_5' title="bbox 344 1873 1885 2068">
    <p class='ocr_par' dir='ltr' id='par_1_17' title="bbox 344 1873 1885 2068">
     <span class='ocr_line' id='line_1_26' title="bbox 344 1873 1885 1932; baseline -0.001 -18"><span class='ocrx_word' id='word_1_154' title='bbox 344 1876 441 1930; x_wconf 88' lang='grc'><strong>361.</strong></span> <span class='ocrx_word' id='word_1_155' title='bbox 477 1873 629 1931; x_wconf 80' lang='grc' dir='ltr'>κεμάδ’]</span> <span class='ocrx_word' id='word_1_156' title='bbox 655 1875 806 1928; x_wconf 87' lang='grc' dir='ltr'>ἔλαφον</span> <span class='ocrx_word' id='word_1_157' title='bbox 983 1875 1077 1930; x_wconf 87' lang='grc'><strong>362.</strong></span> <span class='ocrx_word' id='word_1_158' title='bbox 1105 1873 1303 1932; x_wconf 82' lang='grc' dir='ltr'>μεμηκώς]</span> <span class='ocrx_word' id='word_1_159' title='bbox 1328 1876 1604 1928; x_wconf 84' lang='grc' dir='ltr'>φθεγγόμενος</span> <span class='ocrx_word' id='word_1_160' title='bbox 1837 1886 1885 1924; x_wconf 89' lang='lat'>25</span> 
     </span>
     <span class='ocr_line' id='line_1_27' title="bbox 344 1941 872 2000; baseline 0.002 -18"><span class='ocrx_word' id='word_1_161' title='bbox 344 1944 440 1998; x_wconf 84' lang='grc'><strong>364.</strong></span> <span class='ocrx_word' id='word_1_162' title='bbox 473 1941 655 2000; x_wconf 84' lang='grc' dir='ltr'>ἐμμενές]</span> <span class='ocrx_word' id='word_1_163' title='bbox 681 1944 872 1992; x_wconf 89' lang='grc' dir='ltr'>ἐπιμόνως</span> 
     </span>
     <span class='ocr_line' id='line_1_28' title="bbox 344 2009 1658 2068; baseline -0.001 -15"><span class='ocrx_word' id='word_1_164' title='bbox 344 2021 440 2067; x_wconf 84' lang='grc'><strong>375.</strong></span> <span class='ocrx_word' id='word_1_165' title='bbox 472 2009 729 2067; x_wconf 83' lang='grc' dir='ltr'>βαμβαίνων]</span> <span class='ocrx_word' id='word_1_166' title='bbox 754 2011 902 2061; x_wconf 85' lang='grc' dir='ltr'>τρέμων</span> <span class='ocrx_word' id='word_1_167' title='bbox 1078 2009 1247 2068; x_wconf 84' lang='grc' dir='ltr'>ἄραβος]</span> <span class='ocrx_word' id='word_1_168' title='bbox 1272 2011 1366 2065; x_wconf 85' lang='grc' dir='ltr'>ἦχος</span> <span class='ocrx_word' id='word_1_169' title='bbox 1386 2014 1462 2051; x_wconf 83' lang='grc' dir='ltr'>τῶν</span> <span class='ocrx_word' id='word_1_170' title='bbox 1485 2011 1658 2052; x_wconf 85' lang='grc' dir='ltr'>ὀδόντων</span> 
     </span>
    </p>
   </div>
   <div class='ocr_carea' id='block_1_6' title="bbox 288 2078 1887 3017">
    <p class='ocr_par' dir='ltr' id='par_1_18' title="bbox 344 2078 980 2136">
     <span class='ocr_line' id='line_1_29' title="bbox 344 2078 980 2136; baseline 0.002 -17"><span class='ocrx_word' id='word_1_171' title='bbox 344 2080 439 2134; x_wconf 89' lang='grc'><strong>376.</strong></span> <span class='ocrx_word' id='word_1_172' title='bbox 472 2080 565 2120; x_wconf 82' lang='grc' dir='ltr'>ὑπαὶ</span> <span class='ocrx_word' id='word_1_173' title='bbox 587 2078 730 2136; x_wconf 85' lang='grc' dir='ltr'>δείους]</span> <span class='ocrx_word' id='word_1_174' title='bbox 753 2079 826 2120; x_wconf 85' lang='grc' dir='ltr'>ὑπὸ</span> <span class='ocrx_word' id='word_1_175' title='bbox 848 2081 980 2132; x_wconf 78' lang='grc' dir='ltr'>φόβου</span> 
     </span>
    </p>

    <p class='ocr_par' dir='ltr' id='par_1_19' title="bbox 344 2146 1065 2204">
     <span class='ocr_line' id='line_1_30' title="bbox 344 2146 1065 2204; baseline 0 -16"><span class='ocrx_word' id='word_1_176' title='bbox 344 2148 440 2203; x_wconf 87' lang='grc'><strong>378.</strong></span> <span class='ocrx_word' id='word_1_177' title='bbox 475 2146 666 2204; x_wconf 81' lang='grc' dir='ltr'>ζωγρεῖτ’]</span> <span class='ocrx_word' id='word_1_178' title='bbox 690 2152 811 2196; x_wconf 85' lang='grc' dir='ltr'>ζῶντα</span> <span class='ocrx_word' id='word_1_179' title='bbox 833 2147 1065 2200; x_wconf 86' lang='grc' dir='ltr'>φυλάσσετε</span> 
     </span>
    </p>

    <p class='ocr_par' dir='ltr' id='par_1_20' title="bbox 344 2215 1887 2273">
     <span class='ocr_line' id='line_1_31' title="bbox 344 2215 1887 2273; baseline 0.001 -17"><span class='ocrx_word' id='word_1_180' title='bbox 344 2217 439 2271; x_wconf 86' lang='grc'><strong>383.</strong></span> <span class='ocrx_word' id='word_1_181' title='bbox 475 2215 724 2273; x_wconf 86' lang='grc' dir='ltr'>καταθύμιος]</span> <span class='ocrx_word' id='word_1_182' title='bbox 750 2219 848 2257; x_wconf 79' lang='grc' dir='ltr'>κατὰ</span> <span class='ocrx_word' id='word_1_183' title='bbox 870 2220 965 2257; x_wconf 83' lang='grc' dir='ltr'>νοῦν</span> <span class='ocrx_word' id='word_1_184' title='bbox 1837 2229 1887 2264; x_wconf 88' lang='lat'>30</span> 
     </span>
    </p>

    <p class='ocr_par' dir='ltr' id='par_1_21' title="bbox 344 2283 1114 2342">
     <span class='ocr_line' id='line_1_32' title="bbox 344 2283 1114 2342; baseline 0.003 -19"><span class='ocrx_word' id='word_1_185' title='bbox 344 2284 440 2339; x_wconf 88' lang='grc'><strong>388.</strong></span> <span class='ocrx_word' id='word_1_186' title='bbox 473 2283 792 2342; x_wconf 80' lang='grc' dir='ltr'>διασκοπιᾶσθαι]</span> <span class='ocrx_word' id='word_1_187' title='bbox 818 2287 1114 2336; x_wconf 86' lang='grc' dir='ltr'>κατασκοπῆσαι</span> 
     </span>
    </p>

    <p class='ocr_par' dir='ltr' id='par_1_22' title="bbox 343 2351 1384 2410">
     <span class='ocr_line' id='line_1_33' title="bbox 343 2351 1384 2410; baseline 0.001 -18"><span class='ocrx_word' id='word_1_188' title='bbox 343 2366 439 2407; x_wconf 85' lang='grc'><strong>391.</strong></span> <span class='ocrx_word' id='word_1_189' title='bbox 470 2355 591 2404; x_wconf 81' lang='grc' dir='ltr'>παρὲκ</span> <span class='ocrx_word' id='word_1_190' title='bbox 614 2354 706 2393; x_wconf 86' lang='grc' dir='ltr'>νόον</span> <span class='ocrx_word' id='word_1_191' title='bbox 727 2351 899 2410; x_wconf 85' lang='grc' dir='ltr'>ἤγαγεν]</span> <span class='ocrx_word' id='word_1_192' title='bbox 924 2352 1180 2405; x_wconf 89' lang='grc' dir='ltr'>παρηπάτησε</span> <span class='ocrx_word' id='word_1_193' title='bbox 1201 2352 1269 2393; x_wconf 86' lang='grc' dir='ltr'>τὸν</span> <span class='ocrx_word' id='word_1_194' title='bbox 1291 2356 1384 2394; x_wconf 83' lang='grc' dir='ltr'>νοῦν</span> 
     </span>
    </p>

    <p class='ocr_par' dir='ltr' id='par_1_23' title="bbox 343 2420 1644 2478">
     <span class='ocr_line' id='line_1_34' title="bbox 343 2420 1644 2478; baseline -0.001 -17"><span class='ocrx_word' id='word_1_195' title='bbox 343 2434 439 2476; x_wconf 90' lang='grc'><strong>394.</strong></span> <span class='ocrx_word' id='word_1_196' title='bbox 473 2421 568 2472; x_wconf 81' lang='grc' dir='ltr'>θοὴν</span> <span class='ocrx_word' id='word_1_197' title='bbox 589 2423 650 2462; x_wconf 81' lang='grc' dir='ltr'>διὰ</span> <span class='ocrx_word' id='word_1_198' title='bbox 671 2420 807 2478; x_wconf 85' lang='grc' dir='ltr'>νύκτα]</span> <span class='ocrx_word' id='word_1_199' title='bbox 833 2421 903 2472; x_wconf 82' lang='grc' dir='ltr'>τὴν</span> <span class='ocrx_word' id='word_1_200' title='bbox 924 2421 1074 2474; x_wconf 89' lang='grc' dir='ltr'>ταχέως</span> <span class='ocrx_word' id='word_1_201' title='bbox 1098 2421 1456 2472; x_wconf 84' lang='grc' dir='ltr'>ἐπιλαμβάνουσαν</span> <span class='ocrx_word' id='word_1_202' title='bbox 1477 2420 1548 2471; x_wconf 86' lang='grc' dir='ltr'>τὴν</span> <span class='ocrx_word' id='word_1_203' title='bbox 1568 2423 1644 2472; x_wconf 86' lang='grc' dir='ltr'>γῆν</span> 
     </span>
    </p>

    <p class='ocr_par' dir='ltr' id='par_1_24' title="bbox 342 2488 1211 2545">
     <span class='ocr_line' id='line_1_35' title="bbox 342 2488 1211 2545; baseline 0.001 -15"><span class='ocrx_word' id='word_1_204' title='bbox 342 2503 439 2544; x_wconf 88' lang='grc'><strong>399.</strong></span> <span class='ocrx_word' id='word_1_205' title='bbox 473 2488 675 2545; x_wconf 84' lang='grc' dir='ltr'>ἀδηκότες]</span> <span class='ocrx_word' id='word_1_206' title='bbox 702 2490 778 2530; x_wconf 85' lang='grc' dir='ltr'>ἀπὸ</span> <span class='ocrx_word' id='word_1_207' title='bbox 802 2493 869 2530; x_wconf 82' lang='grc' dir='ltr'>τοῦ</span> <span class='ocrx_word' id='word_1_208' title='bbox 891 2490 986 2539; x_wconf 80' lang='grc' dir='ltr'>ἅδην</span> <span class='ocrx_word' id='word_1_209' title='bbox 1009 2489 1070 2530; x_wconf 87' lang='grc' dir='ltr'>καὶ</span> <span class='ocrx_word' id='word_1_210' title='bbox 1090 2489 1211 2540; x_wconf 77' lang='grc' dir='ltr'>ἡδέως</span> 
     </span>
    </p>

    <p class='ocr_par' dir='ltr' id='par_1_25' title="bbox 342 2555 1885 2613">
     <span class='ocr_line' id='line_1_36' title="bbox 342 2555 1885 2613; baseline -0.003 -15"><span class='ocrx_word' id='word_1_211' title='bbox 342 2571 438 2608; x_wconf 89' lang='grc'><strong>401.</strong></span> <span class='ocrx_word' id='word_1_212' title='bbox 471 2555 696 2613; x_wconf 89' lang='grc' dir='ltr'>ἐπεμαίετο]</span> <span class='ocrx_word' id='word_1_213' title='bbox 723 2557 907 2607; x_wconf 79' lang='grc' dir='ltr'>ἐπεζήτει,</span> <span class='ocrx_word' id='word_1_214' title='bbox 932 2558 1114 2607; x_wconf 88' lang='grc' dir='ltr'>ἐπεθύμει</span> <span class='ocrx_word' id='word_1_215' title='bbox 1837 2567 1885 2605; x_wconf 85' lang='grc'>35</span> 
     </span>
    </p>

    <p class='ocr_par' dir='ltr' id='par_1_26' title="bbox 341 2623 1759 2682">
     <span class='ocr_line' id='line_1_37' title="bbox 341 2623 1759 2682; baseline -0.001 -16"><span class='ocrx_word' id='word_1_216' title='bbox 341 2639 440 2676; x_wconf 90' lang='grc'><strong>402.</strong></span> <span class='ocrx_word' id='word_1_217' title='bbox 474 2623 692 2682; x_wconf 82' lang='grc' dir='ltr'>ἀλεγεινοὶ]</span> <span class='ocrx_word' id='word_1_218' title='bbox 716 2626 904 2677; x_wconf 84' lang='grc' dir='ltr'>ἀλγεινοὶ,</span> <span class='ocrx_word' id='word_1_219' title='bbox 928 2629 1133 2678; x_wconf 86' lang='grc' dir='ltr'>δυστυχεῖς</span> <span class='ocrx_word' id='word_1_220' title='bbox 1153 2624 1249 2677; x_wconf 82' lang='grc' dir='ltr'>πρὸς</span> <span class='ocrx_word' id='word_1_221' title='bbox 1270 2624 1313 2664; x_wconf 84' lang='grc' dir='ltr'>τὸ</span> <span class='ocrx_word' id='word_1_222' title='bbox 1335 2624 1554 2675; x_wconf 90' lang='grc' dir='ltr'>κτήσασθαι</span> <span class='ocrx_word' id='word_1_223' title='bbox 1576 2625 1759 2666; x_wconf 85' lang='grc' dir='ltr'>ἀδύνατοι</span> 
     </span>
    </p>

    <p class='ocr_par' dir='ltr' id='par_1_27' title="bbox 338 2691 1159 2750">
     <span class='ocr_line' id='line_1_38' title="bbox 338 2691 1159 2750; baseline -0.002 -16"><span class='ocrx_word' id='word_1_224' title='bbox 338 2707 437 2748; x_wconf 89' lang='grc'><strong>403.</strong></span> <span class='ocrx_word' id='word_1_225' title='bbox 470 2691 677 2750; x_wconf 84' lang='grc' dir='ltr'>ὀχέεσθαι]</span> <span class='ocrx_word' id='word_1_226' title='bbox 702 2694 949 2746; x_wconf 83' lang='grc' dir='ltr'>ἐποχηθῆναι,</span> <span class='ocrx_word' id='word_1_227' title='bbox 973 2694 1159 2743; x_wconf 80' lang='grc' dir='ltr'>ἐπιβῆναι</span> 
     </span>
    </p>

    <p class='ocr_par' dir='ltr' id='par_1_28' title="bbox 343 2759 836 2818">
     <span class='ocr_line' id='line_1_39' title="bbox 343 2759 836 2818; baseline -0.002 -16"><span class='ocrx_word' id='word_1_228' title='bbox 343 2774 441 2814; x_wconf 87' lang='grc'><strong>409.</strong></span> <span class='ocrx_word' id='word_1_229' title='bbox 474 2762 582 2802; x_wconf 84' lang='grc' dir='ltr'>ἄσσα</span> <span class='ocrx_word' id='word_1_230' title='bbox 602 2759 664 2818; x_wconf 87' lang='grc' dir='ltr'>τε]</span> <span class='ocrx_word' id='word_1_231' title='bbox 688 2762 774 2802; x_wconf 84' lang='grc' dir='ltr'>τίνα</span> <span class='ocrx_word' id='word_1_232' title='bbox 791 2760 836 2811; x_wconf 89' lang='grc' dir='ltr'>δή</span> 
     </span>
    </p>

    <p class='ocr_par' dir='ltr' id='par_1_29' title="bbox 343 2826 1442 2886">
     <span class='ocr_line' id='line_1_40' title="bbox 343 2826 1442 2886; baseline 0 -17"><span class='ocrx_word' id='word_1_233' title='bbox 343 2839 440 2882; x_wconf 85' lang='grc'><strong>415.</strong></span> <span class='ocrx_word' id='word_1_234' title='bbox 474 2832 578 2882; x_wconf 83' lang='grc' dir='ltr'>παρὰ</span> <span class='ocrx_word' id='word_1_235' title='bbox 599 2829 742 2881; x_wconf 85' lang='grc' dir='ltr'>σήματι</span> <span class='ocrx_word' id='word_1_236' title='bbox 757 2826 890 2886; x_wconf 83' lang='grc' dir='ltr'>Ἴλου]</span> <span class='ocrx_word' id='word_1_237' title='bbox 915 2831 1019 2881; x_wconf 78' lang='grc' dir='ltr'>παρὰ</span> <span class='ocrx_word' id='word_1_238' title='bbox 1041 2830 1091 2883; x_wconf 74' lang='grc' dir='ltr'>τῷ</span> <span class='ocrx_word' id='word_1_239' title='bbox 1114 2829 1226 2884; x_wconf 85' lang='grc' dir='ltr'>τάφῳ</span> <span class='ocrx_word' id='word_1_240' title='bbox 1247 2832 1314 2870; x_wconf 84' lang='grc' dir='ltr'>τοῦ</span> <span class='ocrx_word' id='word_1_241' title='bbox 1330 2829 1442 2870; x_wconf 83' lang='grc' dir='ltr'>Ἴλου</span> 
     </span>
    </p>

    <p class='ocr_par' dir='ltr' id='par_1_30' title="bbox 288 2895 1885 3017">
     <span class='ocr_line' id='line_1_41' title="bbox 344 2895 1885 2954; baseline -0.001 -17"><span class='ocrx_word' id='word_1_242' title='bbox 344 2899 440 2947; x_wconf 88' lang='lat'>416.</span> <span class='ocrx_word' id='word_1_243' title='bbox 473 2901 652 2950; x_wconf 79' lang='grc' dir='ltr'>φυλακὰς</span> <span class='ocrx_word' id='word_1_244' title='bbox 674 2897 707 2939; x_wconf 89' lang='grc' dir='ltr'>δ’</span> <span class='ocrx_word' id='word_1_245' title='bbox 730 2898 774 2941; x_wconf 78' lang='grc' dir='ltr'>ἃς</span> <span class='ocrx_word' id='word_1_246' title='bbox 795 2899 928 2947; x_wconf 84' lang='grc' dir='ltr'>εἴρεαι,</span> <span class='ocrx_word' id='word_1_247' title='bbox 949 2895 1067 2954; x_wconf 84' lang='grc' dir='ltr'>ἥρως]</span> <span class='ocrx_word' id='word_1_248' title='bbox 1096 2899 1182 2950; x_wconf 84' lang='grc' dir='ltr'>περὶ</span> <span class='ocrx_word' id='word_1_249' title='bbox 1215 2902 1292 2939; x_wconf 84' lang='grc' dir='ltr'>τῶν</span> <span class='ocrx_word' id='word_1_250' title='bbox 1314 2898 1502 2951; x_wconf 82' lang='grc' dir='ltr'>φυλάκων</span> <span class='ocrx_word' id='word_1_251' title='bbox 1525 2899 1578 2938; x_wconf 82' lang='grc' dir='ltr'>ὧν</span> <span class='ocrx_word' id='word_1_252' title='bbox 1601 2897 1758 2950; x_wconf 73' lang='grc' dir='ltr'>ἐρωτᾷς,</span> <span class='ocrx_word' id='word_1_253' title='bbox 1782 2895 1811 2936; x_wconf 76' lang='grc' dir='ltr'><em>ὦ</em></span> <span class='ocrx_word' id='word_1_254' title='bbox 1834 2908 1885 2942; x_wconf 88' lang='lat'>40</span> 
     </span>
     <span class='ocr_line' id='line_1_42' title="bbox 288 2968 534 3017; baseline 0.004 -11"><span class='ocrx_word' id='word_1_255' title='bbox 288 2968 534 3017; x_wconf 78' lang='grc' dir='ltr'>γενναιότατε</span> 
     </span>
    </p>
   </div>
  </div>
 </body>
</html>
