1974 3305
847 153 1155 194 ADDENDA.
1686 155 1768 195 391

248 258 446 300 debebam
468 271 560 298 cum
594 256 761 305 Cobeto,
783 258 831 294 ut
862 270 911 294 ex
942 254 995 294 iis
1024 259 1208 308 apparet,
1241 270 1342 308 quae
1374 270 1497 309 supra
1528 256 1615 297 dixi
1645 257 1696 297 ad
1728 271 1768 310 p.

237 329 305 382 98,
335 341 397 382 ¹3·
741 330 749 335 '

303 407 394 450 123.
426 394 479 434 In
510 396 652 434 annot.
674 393 726 432 ad
747 392 820 432 lin.
845 406 869 446 3
892 395 988 432 ante
1021 392 1061 432 εὖ
1093 394 1430 433 ΓΙ.--αἱσθάι.·εται
1461 393 1683 447 typotheta
1702 408 1766 434 as-

237 463 432 504 teriscum
454 463 473 482 *
495 461 648 502 omisit.

304 530 395 571 128.
424 544 458 571 1.
492 527 596 585 864]
620 529 793 582 Cori-ige
817 529 912 580 846.

299 612 391 654 134.
415 597 483 640 28.
515 598 595 638 Pro
619 610 666 639 21
693 597 852 651 corrige
876 608 941 648 23.

301 677 394 722 135.
429 665 480 706 In
502 669 643 707 annot.
666 666 741 706 eol.
767 678 787 705 2
813 665 886 706 lin.
911 665 986 706 ult.
1010 680 1115 719 pone
1138 670 1337 720 punctum
1361 670 1453 721 post
1474 668 1588 721 prius
1609 668 1670 710 ὡς.

302 735 396 789 156.
421 735 487 777 28.
529 732 677 791 χαῖρις]
723 734 865 774 Scribe
908 735 950 774 in
990 738 1109 775 textu
1152 738 1193 776 et
1229 735 1273 776 in
1313 736 1581 777 annotatione
1626 735 1767 777 littera

234 803 461 845 maiuscula
480 807 630 855 Χαῖρις.

302 872 395 924 156.
419 884 488 926 29.
525 871 576 911 Ι11
598 876 739 912 annot.
764 866 984 929 ἀναστρεφ]
1010 872 1181 926 Cori-ige
1203 874 1433 926 ἀναστρεφ“.

302 940 394 996 163.
422 942 604 992 15—28.
637 939 758 980 Conf.
782 939 887 980 infra
911 956 948 994 p.
973 943 1066 993 256,
1095 942 1272 995 15—26.

301 1019 394 1060 170.
422 1021 486 1048 10.
519 1006 681 1065 Ὑάδας]
707 1008 881 1063 Cori-ige
901 1007 1051 1052 Ὑάδες.

299 1076 391 1117 186.
420 1090 481 1130 19.
515 1074 629 1133 πρός]
673 1077 836 1129 προάγει
868 1076 1017 1117 Rosius
1050 1077 1092 1117 in
1125 1077 1302 1118 Aristot.
1335 1078 1692 1132 pseudepigrapho
1724 1094 1762 1132 p.

242 1146 334 1195 168,
357 1144 506 1186 collato
529 1146 693 1200 κςλεύει,
717 1160 796 1199 quo
819 1145 953 1185 utitur
970 1146 1191 1186 scholiasta
1212 1146 1254 1186 in
1275 1146 1411 1187 codice
1432 1147 1595 1187 Veneto
1618 1147 1667 1187 B.

301 1215 389 1266 187.
411 1227 452 1265 4.
485 1214 605 1255 Inter
631 1215 728 1264 μείς,
752 1214 860 1267 quod
891 1213 1041 1254 lemma
1072 1217 1134 1254 est
1166 1215 1216 1255 ab
1248 1230 1313 1256 me
1343 1214 1546 1264 additum,
1569 1219 1611 1256 et
1631 1217 1672 1257 ἐν
1692 1230 1762 1255 ex-

232 1283 336 1323 cidit
356 1297 487 1323 uncus
519 1280 552 1339 ].

300 1351 392 1404 187.
415 1352 454 1392 6.
485 1348 625 1408 μηι·ο’ς]
649 1353 778 1401 μευ-ὅς
801 1351 1033 1391 Lobeckius
1056 1351 1231 1405 Paralip.
1253 1367 1291 1405 p.
1316 1364 1382 1404 91.

299 1421 391 1472 187.
415 1420 482 1462 26.
514 1420 567 1459 In
588 1424 730 1460 annot.
753 1420 856 1459 adde
882 1433 973 1472 199,
1001 1432 1065 1474 23.
1093 1433 1188 1469 202,
1213 1431 1251 1472 7.

263 1514 270 1520 ·
296 1489 388 1540 187.
415 1489 480 1530 28.
517 1485 848 1544 στραγγεύεσθαι]
891 1488 957 1528 Sic
999 1488 1153 1527 correxi
1185 1488 1337 1529 codicis
1367 1488 1614 1542 scripturam
1645 1506 1761 1541 στρα-

235 1559 417 1598 τεύεσθαι
438 1571 488 1598 ex
511 1556 723 1610 Hesychio
745 1571 775 1596 s.
798 1572 836 1596 v.
860 1557 1121 1597 κλοτοπεύειν.
1179 1556 1393 1611 Scriptura
1408 1557 1555 1598 vitiosa
1576 1556 1761 1598 fraudem

233 1625 332 1666 fecit
376 1624 620 1666 scholiastae
661 1623 808 1664 codicis
849 1624 1002 1665 Veneti
1045 1625 1094 1673 Β,
1138 1627 1385 1666 κλοτοπεύειν
1404 1625 1655 1667 ε-κλέπτειν
1693 1625 1763 1677 τὴν

232 1694 374 1748 μάχην.
422 1692 445 1743 ἢ
479 1694 529 1735 ὡς
563 1694 660 1733 ἔνιοι
696 1694 988 1742 στρατεύεσθαι·
1037 1694 1248 1743 τουτέστιν,
1283 1694 1326 1734 οὐ
1357 1694 1431 1747 χρὴ
1457 1696 1621 1735 ἐνταῦθα
1651 1696 1763 1736 ὄντας

235 1762 529 1814 στρατεύεσθαι,
552 1760 644 1800 ἀλλ’
667 1762 708 1801 ἐν
728 1763 779 1815 τῷ
802 1760 971 1815 πολέμῳ.

295 1829 387 1882 187.
411 1842 479 1884 30.
516 1828 608 1869 Hoc
643 1827 795 1869 codicis
826 1828 956 1869 Athoi
989 1827 1169 1869 scholion
1207 1828 1361 1882 legitur
1391 1829 1518 1869 etiam
1548 1829 1588 1868 in
1623 1830 1761 1870 codice

236 1897 398 1938 Veneto
431 1898 514 1950 458
547 1897 605 1936 sie
636 1896 838 1949 scriptum
867 1898 1040 1947 ἄρεκτον·
1081 1896 1167 1948 ἤτοι
1189 1899 1230 1938 δὲ
1256 1897 1299 1937 τὸ
1325 1898 1409 1949 περὶ
1434 1900 1500 1948 τῆς
1533 1899 1764 1951 Πατρόκλου

232 1967 358 2018 ταφῆς
378 1965 502 2017 λέγει,
524 1964 547 2014 ἢ
569 1967 636 2014 τῆς
656 1967 722 2004 τοῦ
736 1963 924 2015 ’Έκτορος
947 1964 1190 2016 ἀναιρέσεως.

296 2033 387 2086 189.
413 2046 480 2088 30.
514 2029 726 2088 τάρφεσιν]
751 2032 942 2083 κάρφεσιν
965 2032 1196 2072 Lobeckius
1219 2032 1412 2075 Rhemat.
1439 2049 1478 2087 p.
1502 2044 1597 2087 297.

294 2115 388 2156 203.
426 2114 463 2143 2.
497 2098 630 2157 δεινῷ]
659 2099 832 2154 Corrige
853 2101 956 2154 δινῷ.

294 2172 390 2213 218.
415 2183 482 2212 22.
515 2170 694 2211 Κάσπιος
717 2169 778 2209 καὶ
799 2170 952 2220 ἐρυθρός
975 2172 1037 2208 est
1058 2167 1278 2209 Villoisoni
1301 2169 1510 2210 correctio.

294 2253 389 2293 219.
414 2251 480 2294 32.
512 2238 593 2278 Pro
616 2238 694 2293 365
720 2236 881 2290 corrige
901 2249 997 2291 350.

298 2321 392 2350 221.
420 2316 484 2359 15.
518 2306 619 2356 ἅπαξ
660 2302 883 2361 εἰρημένον]
926 2304 1177 2346 Addendum
1213 2306 1256 2345 ἐν
1288 2307 1331 2357 τῇ
1364 2305 1501 2347 Ἰλιάδι
1540 2322 1590 2347 ex
1626 2306 1762 2348 codice

242 2375 517 2424 Townleiano,
552 2374 661 2428 quod
692 2388 742 2414 ex
773 2372 1007 2414 coniectura
1037 2372 1251 2415 addiderat
1286 2373 1637 2415 Friedlaenderus.
1696 2376 1762 2415 Ex

237 2445 379 2486 eodem
400 2443 536 2484 codice
551 2441 846 2496 Aristophanis
867 2456 917 2482 ex
932 2442 1094 2482 Avibus
1109 2443 1235 2482 verba
1250 2442 1279 2483 ὦ
1297 2444 1496 2484 Πόσειδον
1512 2447 1579 2484 τοῦ
1595 2444 1763 2496 μάκρους

234 2529 274 2568 p.
301 2513 397 2562 261,
422 2524 469 2553 21
497 2510 686 2565 supplevi
716 2511 761 2550 in
791 2510 928 2551 codice
959 2510 1121 2551 Veneto
1152 2511 1314 2561 omissa,
1344 2515 1387 2552 et
1417 2525 1520 2565 quae
1551 2516 1650 2553 sunt
1679 2512 1761 2553 alia

234 2579 473 2623 huiusmodi
503 2579 801 2634 supplementa,
824 2578 874 2620 de
895 2579 1045 2633 quibus
1074 2579 1234 2620 dicetur
1264 2580 1308 2620 in
1339 2579 1678 2622 annotationibus
1708 2581 1760 2622 ad

234 2649 388 2692 scholia
408 2648 560 2689 codicis
580 2647 845 2688 Townleiani.
909 2647 1144 2701 Specimina
1174 2647 1513 2689 emendationum
1543 2650 1759 2704 proposuit

235 2722 287 2760 A.
312 2719 538 2759 Roemerus
567 2716 613 2756 in
643 2716 930 2757 dissertatione
960 2715 1177 2757 Monachii
1204 2717 1316 2758 edita
1336 2732 1373 2758 a.
1400 2717 1510 2770 1874
1531 2717 1579 2758 de
1599 2718 1759 2759 scholiis

245 2785 480 2828 Victoriam
499 2785 730 2833 Homericis,
753 2785 831 2825 etsi
861 2800 946 2825 non
976 2785 1063 2839 ipse
1093 2800 1191 2826 usus
1221 2786 1358 2827 codice
1388 2786 1663 2837 Townleiano,
1688 2788 1758 2828 sed

239 2855 478 2910 apographo
498 2853 742 2894 Victoriano
765 2867 882 2907 saepe
902 2853 1052 2895 vitioso
1074 2853 1139 2894 vel
1160 2854 1423 2909 interpolato.

295 2936 390 2978 230.
419 2936 456 2963 1.
489 2922 543 2962 In
563 2926 704 2963 annot.
726 2922 778 2962 ad
797 2921 870 2963 lin.
896 2935 919 2964 2
942 2937 1014 2976 pro
1038 2935 1133 2977 230,
1156 2936 1181 2978 3
1203 2924 1363 2978 corrige
1387 2924 1482 2975 236,
1505 2937 1545 2979 3.

297 2993 393 3034 262.
423 3004 485 3033 11.
509 2988 790 3047 κεῖσε-κεῖθι]
814 2990 969 3031 Eadem
991 2991 1171 3032 varietas
1194 3005 1254 3041 11,
1273 2992 1371 3046 528.
1399 3005 1463 3043 12,
1481 2993 1562 3048 368
1586 2995 1628 3033 et
1650 2996 1757 3033 κεῖσε

234 3077 306 3116 pro
328 3064 424 3102 κεῖθι
449 3074 511 3109 12,
536 3072 632 3118 359.
