1974 3305
179 234 274 276 820.

179 301 274 357 823.

178 369 273 425 830.

178 438 274 494 833.

178 506 273 562 838.

177 574 273 627 842.

637 135 862 172 ιΛΙΑΔοΣ
905 135 958 171 Μ.
1009 132 1118 185 (12)
1559 127 1640 169 331

309 233 526 291 σχήσουσι]
556 235 777 275 κωλύσουσι
938 234 1033 275 821.
1064 230 1294 290 φθίσονται]
1319 230 1642 285 ἀναιρεθήσονται

307 301 452 360 ἄλκαρ]
478 303 663 354 ἀλέξημα,
686 302 869 354 βοήθημα

306 369 394 428 νίζ’]
418 372 541 412 πλῦνε
657 368 801 427 λιαρῷ]
826 371 1009 425 εὐκράτῳ,
1032 370 1182 424 χλιαρῷ

308 441 429 492 ἰητροὶ
447 441 522 491 μὲν
542 437 637 496 γάρ]
661 443 737 480 τῶν
759 441 902 491 ἰατρῶν
921 441 994 489 μὲν
1013 438 1088 491 γάρ

307 511 386 551 πῶς
406 509 438 549 τ’
459 507 516 561 ἄρ’
539 505 616 564 ἔοι]
639 512 720 550 πῶς
740 508 856 548 τοῦτο
877 506 1019 560 γένοιτ’
1043 507 1093 547 ἄν

304 575 379 618 ὑπὸ
401 577 577 627 στέρνοιο
598 573 756 632 λαβὼν]
775 576 832 616 ὅτι
857 575 957 626 (ἀντὶ
977 575 1044 615 τοῦ
1073 573 1272 625 Cobetus)
1289 573 1508 624 ὑπολαβὼν
1525 572 1642 613 αὐτοῦ

118 643 206 687 τοὺς
227 644 407 697 στέρνους
429 645 517 699 (sic)

176 711 272 767 843.

303 711 491 770 ὑπέχευε]
518 713 746 765 ὑπέστρωσε
764 714 917 765 βύρσας

177 780 273 831 844.
307 780 538 838 ἐκτανύσας]
563 783 793 832 ἐξαπλώσας

176 846 272 902 845.

177 914 272 967 847.

175 980 270 1031 848.

304 846 551 905 περιπευκές]
575 853 770 901 περισσῶς
791 850 930 899 πικρόν

305 915 570 973 ὀδυνήφατον]
596 919 740 959 ὀδυνῶν
761 919 974 958 παυστικόν

302 980 409 1038 ἔσχ’]
434 982 615 1036 ἐπέσχεν,
638 982 810 1024 ἔπαυσεν
985 979 1184 1037 ἐτέρσετο]
1210 981 1431 1033 ἐξηραίνετο

766 1111 822 1148 Μ.
880 1108 990 1161 (12)

177 1199 213 1227 Ι.
245 1187 295 1229 ὣς
317 1188 337 1227 ὁ
356 1185 450 1244 μὲν]
474 1189 572 1228 οὕτω
593 1187 667 1239 μὲν
688 1188 798 1230 οὗτος
823 1181 885 1238 (οὗ
905 1189 976 1238 μὲν
998 1180 1042 1228 οὗ
1063 1188 1120 1240 A)

172 1256 215 1296 ἐν
235 1253 432 1313 κλισίῃσι]
458 1258 500 1297 ἐν
516 1261 601 1299 ταῖς
622 1260 783 1307 σκηναῖς

172 1337 211 1379 3.
244 1322 451 1382 ὁμιλαδόν]
474 1326 681 1376 παμπληθί
794 1338 834 1374 4.
866 1321 1035 1379 τάφρος]
1060 1323 1104 1363 τὸ
1127 1324 1278 1375 ὄρυγμα

172 1391 361 1450 σχήσειν]
385 1392 561 1444 ἀνθέξειν

173 1470 211 1512 7.
242 1459 379 1518 ληΐδα]
404 1463 530 1503 σκῦλα

173 1528 211 1570 8.
242 1527 391 1586 ῥύοιτο]
415 1530 607 1580 φυλάττοι
781 1528 934 1586 ἀέκητι]
964 1528 1136 1582 ἀβουλίᾳ

172 1610 211 1650 9.
244 1596 431 1655 ἔμπεδον]
455 1601 647 1652 ἀσφαλὲς,
671 1601 834 1653 ἰσχυρόν

175 1679 240 1708 12.

175 1747 239 1786 14.

175 1800 240 1841 18.

271 1665 417 1724 τόφρα]
442 1668 504 1708 ἐπὶ
524 1668 714 1708 τοσοῦτον
890 1663 1076 1721 ἔμπεδον]
1101 1665 1285 1705 ἐπίπεδον

272 1733 411 1792 δάμεν]
436 1736 680 1787 ἀνῃρέθησαν
860 1745 922 1786 17.
954 1731 1188 1790 μητιόωντο]
1213 1732 1477 1784 ἐβουλεύοντο

272 1799 512 1858 ἀμαλδῦναι]
542 1802 826 1854 καταστρέψαι,
849 1801 1043 1853 ἀφανίσαι

169 1873 353 1920 ποταμῶν
372 1868 509 1927 μένος]
533 1869 779 1922 περίφρασις,
804 1870 891 1911 τοὺς
914 1869 1107 1919 ποταμούς

173 1950 354 1993 20—23.
391 1937 579 1992 Singulis
604 1937 823 1978 fluviorum
846 1936 1084 1978 nominibus
1109 1935 1434 1990 superscriptum
1460 1926 1514 1975 πό

173 2018 240 2047 22.

173 2087 238 2130 23.

173 2152 239 2196 25.

271 2003 464 2062 βοάγρια]
489 2005 696 2057 σκουτάρια
869 2002 1123 2060 τρυφάλειαι]
1147 2007 1478 2056 περικεφαλαΐαι·

270 2073 458 2131 ἡμιθέων]
482 2075 617 2127 ἡρώων
794 2086 859 2125 24.
893 2070 1035 2129 ὁμόσε]
1060 2073 1153 2124 ὁμοῦ

271 2141 460 2199 ἐννῆμαρ]
485 2143 546 2183 ἐπὶ
572 2141 605 2182 θ’
626 2142 769 2194 ἡμέρας
791 2142 939 2192 ἔπεμπε
961 2141 1004 2181 τὸ
1025 2142 1146 2193 ῥεῦμα
1169 2143 1224 2184 εἷς
1245 2140 1289 2180 τὸ
1310 2144 1437 2194 τεῖχος

173 2212 239 2254 26.
272 2209 457 2268 συνεχές]
481 2212 738 2253 ἀδιαλείπτως

173 2293 240 2334 29.
272 2278 440 2337 φιτρῶν]
466 2283 627 2331 κορμῶν,
651 2278 780 2329 ξύλων

171 2362 238 2404 30.
269 2347 377 2406 λεῖα]
402 2349 532 2401 ὁμαλά
706 2345 919 2404 ἀγάρροον]
943 2349 1047 2399 παρὰ
1067 2346 1134 2387 τὸν
1156 2346 1256 2399 ἄγαν
1275 2346 1401 2397 ῥοώδη

169 2416 492 2474 Ἑλλήσποντον]
516 2419 539 2469 ἡ
559 2417 634 2458 ὑπὸ
654 2418 800 2469 Τροίαν
823 2416 1008 2456 θάλασσα

173 2500 240 2542 31.
270 2483 400 2543 ἠϊόνα]
424 2487 609 2539 αἰγιαλόν
784 2484 852 2540 36.
886 2481 1087 2540 κανάχιζε]
1111 2483 1200 2537 ἤχει

171 2565 240 2611 37.
277 2555 372 2597 Διὸς
391 2552 572 2611 μάστιγι]
595 2557 646 2609 τῷ
669 2554 838 2608 κεραυνῷ

171 2624 239 2679 38.

274 2621 468 2679 ἐελμένοι]
493 2623 812 2675 συγκεκλειμένοι
839 2621 1178 2676 (συγκεκλιμμένοι
1200 2620 1256 2673 Α)

173 2689 438 2748 ἰσχανόωντο]
463 2692 704 2745 κατείχοντο,
727 2691 930 2732 ἐπείθοντο

170 2773 241 2812 41.

171 2841 241 2879 42.

272 2757 525 2816 θηρευτῇσιν]
551 2759 593 2799 ἔν
613 2776 694 2799 τισι
715 2761 925 2811 θηρητῆρσι

274 2826 503 2884 στρέφεται]
528 2828 587 2868 ὅτι
608 2828 694 2869 ἀντὶ
713 2829 781 2868 τοῦ
803 2827 1020 2880 στρέφηται

170 2893 441 2952 βλεμεαίνων]
464 2897 788 2949 ἐπιρρωννύμενος

169 2974 237 3017 45·

271 2962 500 3020 κυδάλιμον]
524 2965 692 3016 ἔνδοξον,
715 2969 900 3016 γενναῖον

1665 509 1688 548 5

1670 852 1716 877 10

1663 2291 1713 2326 30

1661 2630 1709 2668 35

1658 2972 1709 3007 40
