1974 3305
271 117 360 158 334
805 121 1031 159 ΙΛΙΑΔΟΣ
1074 121 1129 160 Μ.
1171 119 1280 171 (12)

339 232 437 274 301.
469 217 726 275 πειρήσοντα]
751 222 887 271 πεῖραν
907 217 1137 272 ληψόμενον

339 284 519 343 πυκινόν]
543 288 720 339 ἀσφαλῆ·
747 287 857 340 λέγει
880 289 921 327 δὲ
943 287 1014 338 τὴν
1037 287 1201 328 ἔπαυλιν

339 367 435 409 302.
469 358 555 407 παρ’
578 353 740 412 αὐτόφι]
760 354 851 408 παρ’
868 355 997 398 αὐτοῖς
1094 353 1292 412 βώτορας]
1310 355 1570 408 βοσκήτορας,
1587 357 1804 406 βουκόλους

337 436 435 478 304.
470 422 692 480 ἀπείρητος]
717 425 808 465 ἄνευ
831 425 1056 475 ἐπιβουλῆς,
1080 424 1237 475 ἄπειρος

337 490 504 548 μέμονε]
528 495 780 545 προθυμεῖται
953 490 1125 548 δίεσθαι]
1150 495 1332 542 διελθεῖν,
1356 495 1567 546 διωχθῆναι
1823 499 1846 537 5

339 569 437 615 305.
468 559 731 617 μετάλμενος]
757 561 944 611 ἐπιζητῶν
1117 573 1214 615 311.
1251 558 1360 617 ἕδρῃ]
1384 561 1578 615 προεδρίᾳ,
1603 559 1691 611 τιμῇ

339 642 438 684 314.
471 627 684 685 φυταλιῆς]
709 630 990 680 ἀμπελοφύτου
1011 631 1081 680 γῆς
1256 625 1515 684 πυροφόροιο]
1541 628 1755 680 σιτοφόρου

337 697 434 751 316.
467 694 710 753 καυστείρης]
735 698 915 748 ἐμπύρου,
939 698 1078 746 θερμῆς

339 776 436 820 317.
468 766 569 806 πύκα
591 763 842 821 θωρηκτάων]
867 766 1061 815 ἐπιμελῶς
1081 763 1421 815 τεθωρακισμένων

340 833 437 889 318.
461 831 637 890 ἀκληεῖς]
662 833 795 883 ἄδοξοι
911 845 1008 888 320.
1036 831 1090 889 ἴς]
1115 834 1271 883 δύναμις
1389 831 1485 887 328.
1507 832 1552 882 ἠέ
1573 829 1645 889 τῳ]
1667 831 1693 883 ἤ
1712 847 1788 872 τινι
1830 842 1876 867 10

339 915 436 956 333.
469 899 686 957 πάπτηνεν]
711 902 993 954 προεβλέψατο
1170 914 1267 955 334.
1300 898 1416 957 ἀρὴν]
1439 900 1604 951 βλάβην

339 983 363 1024 3
369 979 436 1024 37.
469 970 513 1009 οὔ
534 967 708 1026 πως-]
733 970 881 1010 οὐδέπω
904 970 1003 1024 αὐτῷ
1026 969 1072 1020 ῆν
1094 969 1258 1010 δυνατὸν
1277 968 1474 1019 βοήσαντι
1496 969 1736 1019 ἀκουσθῆναι

345 1050 442 1093 347.
475 1035 673 1094 ζαχρηεῖς]
698 1039 799 1090 ἄγαν
819 1039 945 1089 βίαιοι
967 1038 1028 1078 καὶ
1049 1036 1228 1090 μεγάλην
1252 1037 1375 1089 ὁρμὴν
1396 1041 1478 1080 τοῖς
1506 1037 1634 1089 ἔργοις
1653 1037 1807 1077 ποιοῦν-

280 1123 342 1150 τες

340 1184 437 1229 353.
472 1172 598 1231 εἶθαρ]
624 1175 764 1218 εὐθέως
937 1184 1035 1229 355.
1067 1171 1229 1230 ἠνώγει]
1255 1174 1406 1215 κελεύει
1832 1181 1879 1218 15

337 1243 434 1298 356.
467 1242 721 1300 ἀντιάσητον]
756 1242 1004 1294 ἀπαντήσητε

338 1310 436 1365 368.
469 1309 629 1368 ἀντιόω]
665 1310 890 1361 ἀπαντήσω,
913 1310 1099 1364 μετάσχω
1274 1321 1371 1364 371.
1405 1307 1468 1365 ᾖε]
1504 1309 1701 1362 ἀπήρχετο

338 1391 435 1434 374.
468 1378 779 1437 ἐπειγομένοισι]
813 1380 1149 1429 ἐσπουδασμένοις

337 1448 434 1503 380.
465 1447 650 1503 μαρμάρῳ
672 1446 884 1504 ὀκριόεντι]
917 1449 1015 1503 λίθῳ
1036 1451 1175 1501 τραχεῖ

338 1516 436 1571 381.
467 1515 699 1573 ὑπέρτατος]
734 1517 916 1558 ἀνωτάτω
1833 1523 1882 1548 20

338 1585 434 1639 385.
467 1583 688 1641 ἀρνευτῆρι]
724 1588 976 1636 κυβιστητῆρι
1002 1587 1243 1638 (κυβηστῆρη
1264 1585 1354 1638 (sie)
1381 1585 1436 1638 A)

338 1665 434 1708 390.
468 1651 584 1709 ἆλτο]
620 1653 816 1704 καθήλατο
993 1653 1090 1708 396.
1123 1651 1288 1709 πρηνής]
1319 1653 1381 1693 ἐπὶ
1403 1653 1613 1704 πρόσωπον

338 1734 436 1771 400.
469 1720 751 1777 ὁμαρτήσανθ’]
797 1722 892 1771 ὁμοῦ
934 1721 995 1761 καὶ
1033 1722 1108 1762 ὑπὸ
1140 1721 1210 1762 τὸν
1242 1720 1358 1762 αὐτὸν
1395 1720 1527 1772 καιρὸν
1564 1719 1732 1772 ἀφέντες
1763 1722 1812 1760 τὰ

280 1790 423 1842 δόρατα

336 1867 435 1909 405.
468 1856 700 1914 στυφέλιξε]
735 1858 940 1908 ἀπετίναξε
1114 1857 1212 1908 408.
1247 1856 1494 1914 ἑλιξάμενος]
1528 1858 1782 1909 ἐπιστραφείς
1833 1871 1881 1906 25

337 1939 435 1976 411.
469 1924 626 1982 θέσθαι]
659 1928 820 1976 ποιῆσαι
993 1938 1091 1976 412.
1126 1924 1403 1982 ἐφομαρτεῖτε]
1439 1927 1688 1967 ἀκολουθεῖτε

337 2007 436 2045 414.
469 1993 705 2051 ἐπέβρισαν]
739 1994 979 2045 ἐπετέθησαν
1000 1998 1078 2037 τοῖς
1094 1994 1270 2045 Ἕλλησι

335 2072 434 2115 415.
467 2060 742 2119 ἐκαρτύναντο]
778 2061 1134 2115 ἰσχυροποιήσαντο

337 2142 436 2181 420.
469 2132 551 2171 ἐπεὶ
591 2132 637 2171 τὰ
678 2134 809 2183 πρῶτα
841 2128 1060 2187 πέλασθεν]
1104 2131 1233 2181 ἐπειδὴ
1265 2131 1372 2182 ἅπαξ
1405 2130 1808 2184 προσεπελάσθησαν,

280 2201 506 2250 προσῆλθον
1471 2215 1475 2217 ·
1832 2212 1883 2249 30

336 2278 434 2317 421.
467 2267 563 2319 ἀμφ’
585 2265 755 2324 οὔροισι]
788 2268 875 2320 περὶ
899 2269 998 2320 ὅρων
1018 2270 1088 2320 γῆς
1233 2266 1486 2324 δηριάασθον]
1521 2269 1792 2320 φιλονεικοῦσι

335 2347 434 2385 424.
467 2333 660 2392 διέεργον]
694 2337 915 2389 διεχώριζον
1090 2346 1186 2388 425.
1221 2335 1355 2393 δῄουν]
1389 2338 1591 2378 διέκοπτον

335 2403 434 2454 426.
466 2402 698 2461 πτερόεντα]
733 2405 890 2458 ἐλαφρά

334 2485 433 2526 431.
467 2471 662 2529 ἐρράδατ’]
697 2474 928 2525 ἐρραμμένοι
950 2475 1030 2514 εἰσί
1201 2485 1300 2527 432.
1333 2471 1487 2530 φόβον]
1522 2473 1651 2526 φυγήν

334 2553 434 2595 433.
467 2541 564 2592 γυνὴ
589 2539 784 2597 χερνῆτις]
817 2541 840 2592 ἡ
862 2541 938 2581 ἀπὸ
958 2544 1035 2582 τῶν
1057 2540 1182 2593 ἔργων
1202 2544 1280 2582 τῶν
1302 2542 1410 2582 ἰδίων
1430 2545 1572 2595 χειρῶν
1591 2545 1696 2590 ζῶσα
1830 2553 1878 2592 35

333 2621 433 2659 441.
466 2606 610 2665 ἐνίετε]
644 2608 869 2659 ἐμβάλλετε

335 2690 434 2727 444.
468 2675 694 2733 κροσσάων]
729 2678 957 2730 ὑποτρόχων
979 2677 1177 2727 κλιμάκων

335 2744 433 2794 446.
466 2745 636 2796 πρυμνὸς
657 2743 803 2801 παχύς]
838 2745 933 2786 κατὰ
954 2744 998 2784 τὸ
1019 2744 1190 2798 ἔσχατον
1209 2745 1324 2798 μέρος
1345 2747 1471 2800 παχύς

336 2813 435 2863 448.
468 2812 726 2871 ὀχλίσσειαν]
760 2814 1042 2865 ἀποκινήσειαν
1062 2817 1130 2854 τοῦ
1151 2814 1319 2867 ἐδάφους

335 2891 432 2932 453..
465 2879 632 2938 ἐπείγει]
662 2886 783 2934 βαρεῖ
934 2892 1031 2936 453.
1065 2881 1254 2940 σανίδων]
1288 2887 1366 2925 τῶν
1387 2887 1510 2934 θυρῶν
1656 2881 1804 2940 ἀείρας]
1828 2895 1879 2931 40

275 2948 484 2997 βαστάσας
