<?xml version="1.0" encoding="UTF-8"?>
<!DOCTYPE html PUBLIC "-//W3C//DTD XHTML 1.0 Transitional//EN"
    "http://www.w3.org/TR/xhtml1/DTD/xhtml1-transitional.dtd">
<html xmlns="http://www.w3.org/1999/xhtml" xml:lang="en" lang="en">
 <head>
  <title>
</title>
<meta http-equiv="Content-Type" content="text/html;charset=utf-8" />
  <meta name='ocr-system' content='tesseract 3.04.00' />
  <meta name='ocr-capabilities' content='ocr_page ocr_carea ocr_par ocr_line ocrx_word'/>
</head>
<body>
  <div class='ocr_page' id='page_1' title='image "./scholiagraecainh02homeuoft_0387.png"; bbox 0 0 1974 3305; ppageno 0'>
   <div class='ocr_carea' id='block_1_1' title="bbox 111 665 209 709">
    <p class='ocr_par' dir='ltr' id='par_1_1' title="bbox 111 665 209 709">
     <span class='ocr_line' id='line_1_1' title="bbox 111 665 209 709; baseline 0 -13"><span class='ocrx_word' id='word_1_1' title='bbox 111 665 209 709; x_wconf 89' lang='lat'><em>279.</em></span> 
     </span>
    </p>
   </div>
   <div class='ocr_carea' id='block_1_2' title="bbox 246 2756 296 2795">
    <p class='ocr_par' dir='ltr' id='par_1_2' title="bbox 246 2756 296 2795">
     <span class='ocr_line' id='line_1_2' title="bbox 246 2756 296 2795; baseline -0.02 0"><span class='ocrx_word' id='word_1_2' title='bbox 246 2756 296 2795; x_wconf 93' lang='lat'>16</span> 
     </span>
    </p>
   </div>
   <div class='ocr_carea' id='block_1_3' title="bbox 243 2835 311 2864">
    <p class='ocr_par' dir='ltr' id='par_1_3' title="bbox 243 2835 311 2864">
     <span class='ocr_line' id='line_1_3' title="bbox 243 2835 311 2864; baseline -0.029 0"><span class='ocrx_word' id='word_1_3' title='bbox 243 2835 311 2864; x_wconf 83' lang='lat'>20.</span> 
     </span>
    </p>
   </div>
   <div class='ocr_carea' id='block_1_4' title="bbox 247 2889 299 2931">
    <p class='ocr_par' dir='ltr' id='par_1_4' title="bbox 247 2889 299 2931">
     <span class='ocr_line' id='line_1_4' title="bbox 247 2889 299 2931; baseline -0.058 0"><span class='ocrx_word' id='word_1_4' title='bbox 247 2889 299 2931; x_wconf 87' lang='lat'>28</span> 
     </span>
    </p>
   </div>
   <div class='ocr_carea' id='block_1_5' title="bbox 128 2956 310 3013">
    <p class='ocr_par' dir='ltr' id='par_1_5' title="bbox 128 2956 310 3013">
     <span class='ocr_line' id='line_1_5' title="bbox 128 2956 310 3013; baseline -0.005 -14"><span class='ocrx_word' id='word_1_5' title='bbox 128 2956 224 3013; x_wconf 88' lang='lat'><em>285.</em></span> <span class='ocrx_word' id='word_1_6' title='bbox 276 2970 310 2998; x_wconf 87' lang='lat'>1.</span> 
     </span>
    </p>
   </div>
   <div class='ocr_carea' id='block_1_6' title="bbox 705 145 1178 198">
    <p class='ocr_par' dir='ltr' id='par_1_6' title="bbox 705 145 1178 198">
     <span class='ocr_line' id='line_1_6' title="bbox 705 145 1178 198; baseline -0.008 -10"><span class='ocrx_word' id='word_1_7' title='bbox 705 149 929 188; x_wconf 77' lang='grc' dir='ltr'>ιΛιΑΔοΣ</span> <span class='ocrx_word' id='word_1_8' title='bbox 971 148 1024 186; x_wconf 75' lang='grc' dir='ltr'><strong>Ω.</strong></span> <span class='ocrx_word' id='word_1_9' title='bbox 1067 145 1178 198; x_wconf 76' lang='lat'>(24)</span> 
     </span>
    </p>
   </div>
   <div class='ocr_carea' id='block_1_7' title="bbox 284 246 910 505">
    <p class='ocr_par' dir='ltr' id='par_1_7' title="bbox 284 246 817 302">
     <span class='ocr_line' id='line_1_7' title="bbox 284 246 817 302; baseline 0.002 -12"><span class='ocrx_word' id='word_1_10' title='bbox 284 282 292 290; x_wconf 92' lang='lat'><strong>.</strong></span> <span class='ocrx_word' id='word_1_11' title='bbox 325 251 374 292; x_wconf 85' lang='grc' dir='ltr'>ὡς</span> <span class='ocrx_word' id='word_1_12' title='bbox 396 249 521 302; x_wconf 82' lang='grc' dir='ltr'>ἔφατ’,</span> <span class='ocrx_word' id='word_1_13' title='bbox 543 249 640 302; x_wconf 74' lang='grc' dir='ltr'>ὦρτο</span> <span class='ocrx_word' id='word_1_14' title='bbox 663 251 702 290; x_wconf 81' lang='grc' dir='ltr'>δὲ</span> <span class='ocrx_word' id='word_1_15' title='bbox 719 246 817 301; x_wconf 84' lang='grc' dir='ltr'>Ἶρις</span> 
     </span>
    </p>

    <p class='ocr_par' dir='ltr' id='par_1_8' title="bbox 285 319 752 361">
     <span class='ocr_line' id='line_1_8' title="bbox 285 319 752 361; baseline 0 -3"><span class='ocrx_word' id='word_1_16' title='bbox 285 350 293 358; x_wconf 94' lang='grc'><strong>.</strong></span> <span class='ocrx_word' id='word_1_17' title='bbox 327 319 418 359; x_wconf 82' lang='grc' dir='ltr'>ἀλλ’</span> <span class='ocrx_word' id='word_1_18' title='bbox 442 321 478 360; x_wconf 85' lang='grc' dir='ltr'>εἴ</span> <span class='ocrx_word' id='word_1_19' title='bbox 496 336 551 361; x_wconf 85' lang='grc' dir='ltr'>τις</span> <span class='ocrx_word' id='word_1_20' title='bbox 574 319 752 359; x_wconf 81' lang='grc' dir='ltr'>καλέσειε</span> 
     </span>
    </p>

    <p class='ocr_par' dir='ltr' id='par_1_9' title="bbox 285 387 726 438">
     <span class='ocr_line' id='line_1_9' title="bbox 285 387 726 438; baseline -0.005 -11"><span class='ocrx_word' id='word_1_21' title='bbox 285 419 292 427; x_wconf 96' lang='grc'><strong>.</strong></span> <span class='ocrx_word' id='word_1_22' title='bbox 325 388 364 429; x_wconf 89' lang='grc' dir='ltr'>ἐς</span> <span class='ocrx_word' id='word_1_23' title='bbox 383 387 540 437; x_wconf 85' lang='grc' dir='ltr'>βυσσὸν</span> <span class='ocrx_word' id='word_1_24' title='bbox 562 389 726 438; x_wconf 81' lang='grc' dir='ltr'>ὄρουσεν</span> 
     </span>
    </p>

    <p class='ocr_par' dir='ltr' id='par_1_10' title="bbox 285 451 910 505">
     <span class='ocr_line' id='line_1_10' title="bbox 285 451 910 505; baseline -0.002 -11"><span class='ocrx_word' id='word_1_25' title='bbox 285 486 293 494; x_wconf 97' lang='grc'><strong>.</strong></span> <span class='ocrx_word' id='word_1_26' title='bbox 324 455 350 504; x_wconf 90' lang='grc' dir='ltr'>ἤ</span> <span class='ocrx_word' id='word_1_27' title='bbox 384 471 426 494; x_wconf 94' lang='grc' dir='ltr'>τε</span> <span class='ocrx_word' id='word_1_28' title='bbox 457 454 538 494; x_wconf 75' lang='grc' dir='ltr'>κατ’</span> <span class='ocrx_word' id='word_1_29' title='bbox 569 454 780 505; x_wconf 80' lang='grc' dir='ltr'>ἀγραύλοιο</span> <span class='ocrx_word' id='word_1_30' title='bbox 812 451 910 502; x_wconf 83' lang='grc' dir='ltr'>βοὸς</span> 
     </span>
    </p>
   </div>
   <div class='ocr_carea' id='block_1_8' title="bbox 370 522 482 572">
    <p class='ocr_par' dir='ltr' id='par_1_11' title="bbox 370 522 482 572">
     <span class='ocr_line' id='line_1_11' title="bbox 370 522 482 572; baseline 0.009 -10"><span class='ocrx_word' id='word_1_31' title='bbox 370 522 482 572; x_wconf 87' lang='grc' dir='ltr'>κέρας</span> 
     </span>
    </p>
   </div>
   <div class='ocr_carea' id='block_1_9' title="bbox 284 586 912 841">
    <p class='ocr_par' dir='ltr' id='par_1_12' title="bbox 284 586 794 644">
     <span class='ocr_line' id='line_1_12' title="bbox 284 586 794 644; baseline -0.004 -16"><span class='ocrx_word' id='word_1_32' title='bbox 284 618 293 627; x_wconf 91' lang='grc'><strong>.</strong></span> <span class='ocrx_word' id='word_1_33' title='bbox 325 588 556 644; x_wconf 79' lang='grc' dir='ltr'>ὠμηστῇσιν</span> <span class='ocrx_word' id='word_1_34' title='bbox 579 586 639 627; x_wconf 80' lang='grc' dir='ltr'>ἐπ’</span> <span class='ocrx_word' id='word_1_35' title='bbox 662 587 794 640; x_wconf 78' lang='grc' dir='ltr'>ἰχθύσι</span> 
     </span>
    </p>

    <p class='ocr_par' dir='ltr' id='par_1_13' title="bbox 287 654 657 707">
     <span class='ocr_line' id='line_1_13' title="bbox 287 654 657 707; baseline 0.005 -12"><span class='ocrx_word' id='word_1_36' title='bbox 287 686 296 695; x_wconf 89' lang='grc'><strong>.</strong></span> <span class='ocrx_word' id='word_1_37' title='bbox 330 654 426 695; x_wconf 80' lang='grc' dir='ltr'>εἵαθ’</span> <span class='ocrx_word' id='word_1_38' title='bbox 450 655 657 707; x_wconf 82' lang='grc' dir='ltr'>ὁμηγερέες</span> 
     </span>
    </p>

    <p class='ocr_par' dir='ltr' id='par_1_14' title="bbox 284 723 723 778">
     <span class='ocr_line' id='line_1_14' title="bbox 284 723 723 778; baseline -0.005 -14"><span class='ocrx_word' id='word_1_39' title='bbox 284 755 293 764; x_wconf 90' lang='grc'><strong>.</strong></span> <span class='ocrx_word' id='word_1_40' title='bbox 326 723 513 775; x_wconf 71' lang='grc' dir='ltr'>φθίσεσθ’</span> <span class='ocrx_word' id='word_1_41' title='bbox 536 725 578 764; x_wconf 92' lang='grc' dir='ltr'>ἐν</span> <span class='ocrx_word' id='word_1_42' title='bbox 601 724 723 778; x_wconf 86' lang='grc' dir='ltr'>Τροίῃ</span> 
     </span>
    </p>

    <p class='ocr_par' dir='ltr' id='par_1_15' title="bbox 286 789 912 841">
     <span class='ocr_line' id='line_1_15' title="bbox 286 789 912 841; baseline -0.002 -10"><span class='ocrx_word' id='word_1_43' title='bbox 286 821 295 831; x_wconf 90' lang='grc'><strong>.</strong></span> <span class='ocrx_word' id='word_1_44' title='bbox 327 794 396 831; x_wconf 80' lang='grc' dir='ltr'>τοῦ</span> <span class='ocrx_word' id='word_1_45' title='bbox 446 789 481 832; x_wconf 90' lang='grc' dir='ltr'>δ’</span> <span class='ocrx_word' id='word_1_46' title='bbox 531 791 612 831; x_wconf 81' lang='grc' dir='ltr'>οὔτι</span> <span class='ocrx_word' id='word_1_47' title='bbox 671 789 912 841; x_wconf 82' lang='grc' dir='ltr'>μελάντερον</span> 
     </span>
    </p>
   </div>
   <div class='ocr_carea' id='block_1_10' title="bbox 373 859 657 900">
    <p class='ocr_par' dir='ltr' id='par_1_16' title="bbox 373 859 657 900">
     <span class='ocr_line' id='line_1_16' title="bbox 373 859 657 900; baseline 0.004 -1"><span class='ocrx_word' id='word_1_48' title='bbox 373 859 518 899; x_wconf 87' lang='grc' dir='ltr'>ἔπλετο</span> <span class='ocrx_word' id='word_1_49' title='bbox 540 859 657 900; x_wconf 80' lang='grc' dir='ltr'>ἔσθος</span> 
     </span>
    </p>
   </div>
   <div class='ocr_carea' id='block_1_11' title="bbox 113 925 788 1318">
    <p class='ocr_par' dir='ltr' id='par_1_17' title="bbox 286 925 774 1047">
     <span class='ocr_line' id='line_1_17' title="bbox 286 925 774 976; baseline 0 -10"><span class='ocrx_word' id='word_1_50' title='bbox 286 958 294 966; x_wconf 95' lang='grc'><strong>.</strong></span> <span class='ocrx_word' id='word_1_51' title='bbox 326 925 445 976; x_wconf 79' lang='grc' dir='ltr'>ἀκτὴν</span> <span class='ocrx_word' id='word_1_52' title='bbox 465 926 496 967; x_wconf 81' lang='grc' dir='ltr'>δ’</span> <span class='ocrx_word' id='word_1_53' title='bbox 525 928 774 976; x_wconf 79' lang='grc' dir='ltr'>εἰσαναβᾶσα</span> 
     </span>
     <span class='ocr_line' id='line_1_18' title="bbox 286 993 692 1047; baseline -0.002 -12"><span class='ocrx_word' id='word_1_54' title='bbox 286 1026 294 1035; x_wconf 94' lang='grc'><strong>.</strong></span> <span class='ocrx_word' id='word_1_55' title='bbox 326 994 350 1044; x_wconf 89' lang='grc' dir='ltr'>ἡ</span> <span class='ocrx_word' id='word_1_56' title='bbox 372 993 403 1034; x_wconf 85' lang='grc' dir='ltr'>δ’</span> <span class='ocrx_word' id='word_1_57' title='bbox 427 996 502 1047; x_wconf 85' lang='grc' dir='ltr'>ἄρα</span> <span class='ocrx_word' id='word_1_58' title='bbox 522 997 601 1046; x_wconf 79' lang='grc' dir='ltr'>πὰρ</span> <span class='ocrx_word' id='word_1_59' title='bbox 625 996 692 1035; x_wconf 84' lang='grc' dir='ltr'>Διὶ</span> 
     </span>
    </p>

    <p class='ocr_par' dir='ltr' id='par_1_18' title="bbox 287 1062 769 1183">
     <span class='ocr_line' id='line_1_19' title="bbox 287 1062 769 1113; baseline 0.002 -11"><span class='ocrx_word' id='word_1_60' title='bbox 287 1093 295 1102; x_wconf 96' lang='grc'><strong>.</strong></span> <span class='ocrx_word' id='word_1_61' title='bbox 327 1062 468 1113; x_wconf 85' lang='grc' dir='ltr'>ἤλυθες</span> <span class='ocrx_word' id='word_1_62' title='bbox 490 1064 705 1113; x_wconf 83' lang='grc' dir='ltr'>Οὔλυμπον</span> <span class='ocrx_word' id='word_1_63' title='bbox 727 1064 769 1103; x_wconf 88' lang='grc' dir='ltr'>δέ</span> 
     </span>
     <span class='ocr_line' id='line_1_20' title="bbox 287 1128 758 1183; baseline 0.002 -14"><span class='ocrx_word' id='word_1_64' title='bbox 287 1162 295 1170; x_wconf 96' lang='grc'><strong>.</strong></span> <span class='ocrx_word' id='word_1_65' title='bbox 322 1128 510 1182; x_wconf 73' lang='grc' dir='ltr'>ι’Έκτορος</span> <span class='ocrx_word' id='word_1_66' title='bbox 532 1129 632 1183; x_wconf 83' lang='grc' dir='ltr'>ἀμφὶ</span> <span class='ocrx_word' id='word_1_67' title='bbox 656 1131 758 1172; x_wconf 87' lang='grc' dir='ltr'>νέκυι</span> 
     </span>
    </p>

    <p class='ocr_par' dir='ltr' id='par_1_19' title="bbox 113 1198 788 1318">
     <span class='ocr_line' id='line_1_21' title="bbox 287 1198 788 1250; baseline 0.006 -13"><span class='ocrx_word' id='word_1_68' title='bbox 287 1229 296 1238; x_wconf 88' lang='grc'><strong>.</strong></span> <span class='ocrx_word' id='word_1_69' title='bbox 329 1198 478 1250; x_wconf 80' lang='grc' dir='ltr'>κλέψαι</span> <span class='ocrx_word' id='word_1_70' title='bbox 500 1199 534 1239; x_wconf 84' lang='grc' dir='ltr'>δ’</span> <span class='ocrx_word' id='word_1_71' title='bbox 557 1199 788 1250; x_wconf 84' lang='grc' dir='ltr'>ὀτρύνεσκον</span> 
     </span>
     <span class='ocr_line' id='line_1_22' title="bbox 113 1266 298 1318; baseline -0.005 -11"><span class='ocrx_word' id='word_1_72' title='bbox 113 1266 210 1307; x_wconf 90' lang='lat'>280.</span> <span class='ocrx_word' id='word_1_73' title='bbox 259 1275 298 1318; x_wconf 92' lang='lat'>7.</span> 
     </span>
    </p>
   </div>
   <div class='ocr_carea' id='block_1_12' title="bbox 289 1334 760 1385">
    <p class='ocr_par' dir='ltr' id='par_1_20' title="bbox 289 1334 760 1385">
     <span class='ocr_line' id='line_1_23' title="bbox 289 1334 760 1385; baseline 0 -12"><span class='ocrx_word' id='word_1_74' title='bbox 289 1364 298 1373; x_wconf 88' lang='lat'><strong>.</strong></span> <span class='ocrx_word' id='word_1_75' title='bbox 330 1334 554 1385; x_wconf 84' lang='grc' dir='ltr'>ἐσσυμένως</span> <span class='ocrx_word' id='word_1_76' title='bbox 576 1334 760 1375; x_wconf 83' lang='grc' dir='ltr'>ἐπένοντο</span> 
     </span>
    </p>
   </div>
   <div class='ocr_carea' id='block_1_13' title="bbox 329 1265 799 1317">
    <p class='ocr_par' dir='ltr' id='par_1_21' title="bbox 329 1265 799 1317">
     <span class='ocr_line' id='line_1_24' title="bbox 329 1265 799 1317; baseline 0.002 -11"><span class='ocrx_word' id='word_1_77' title='bbox 329 1266 384 1317; x_wconf 88' lang='grc' dir='ltr'>βῆ</span> <span class='ocrx_word' id='word_1_78' title='bbox 407 1267 448 1306; x_wconf 83' lang='grc' dir='ltr'>δὲ</span> <span class='ocrx_word' id='word_1_79' title='bbox 471 1265 553 1306; x_wconf 85' lang='grc' dir='ltr'>κατ’</span> <span class='ocrx_word' id='word_1_80' title='bbox 571 1267 799 1317; x_wconf 86' lang='grc' dir='ltr'>Οὐλύμποιο</span> 
     </span>
    </p>
   </div>
   <div class='ocr_carea' id='block_1_14' title="bbox 115 1401 879 1646">
    <p class='ocr_par' dir='ltr' id='par_1_22' title="bbox 289 1401 732 1454">
     <span class='ocr_line' id='line_1_25' title="bbox 289 1401 732 1454; baseline 0.002 -13"><span class='ocrx_word' id='word_1_81' title='bbox 289 1432 297 1441; x_wconf 96' lang='grc'><strong>.</strong></span> <span class='ocrx_word' id='word_1_82' title='bbox 331 1401 421 1452; x_wconf 81' lang='grc' dir='ltr'>σὴν,</span> <span class='ocrx_word' id='word_1_83' title='bbox 444 1403 487 1442; x_wconf 92' lang='grc' dir='ltr'>ἐν</span> <span class='ocrx_word' id='word_1_84' title='bbox 509 1404 550 1442; x_wconf 85' lang='grc' dir='ltr'>δὲ</span> <span class='ocrx_word' id='word_1_85' title='bbox 573 1403 732 1454; x_wconf 85' lang='grc' dir='ltr'>κραδίην</span> 
     </span>
    </p>

    <p class='ocr_par' dir='ltr' id='par_1_23' title="bbox 290 1469 780 1521">
     <span class='ocr_line' id='line_1_26' title="bbox 290 1469 780 1521; baseline 0 -12"><span class='ocrx_word' id='word_1_86' title='bbox 290 1501 298 1509; x_wconf 95' lang='grc'><strong>.</strong></span> <span class='ocrx_word' id='word_1_87' title='bbox 331 1469 411 1509; x_wconf 77' lang='grc' dir='ltr'>οὔτ’</span> <span class='ocrx_word' id='word_1_88' title='bbox 434 1469 546 1519; x_wconf 85' lang='grc' dir='ltr'>εὐνῆς</span> <span class='ocrx_word' id='word_1_89' title='bbox 568 1469 716 1521; x_wconf 83' lang='grc' dir='ltr'>ἀγαθὸν</span> <span class='ocrx_word' id='word_1_90' title='bbox 737 1469 780 1510; x_wconf 92' lang='grc' dir='ltr'>δέ</span> 
     </span>
    </p>

    <p class='ocr_par' dir='ltr' id='par_1_24' title="bbox 115 1538 879 1646">
     <span class='ocr_line' id='line_1_27' title="bbox 290 1538 879 1589; baseline 0.002 -12"><span class='ocrx_word' id='word_1_91' title='bbox 290 1569 297 1577; x_wconf 97' lang='grc'><strong>.</strong></span> <span class='ocrx_word' id='word_1_92' title='bbox 331 1538 546 1587; x_wconf 80' lang='grc' dir='ltr'>σκύζεσθαί</span> <span class='ocrx_word' id='word_1_93' title='bbox 564 1554 629 1577; x_wconf 90' lang='grc' dir='ltr'>σοι</span> <span class='ocrx_word' id='word_1_94' title='bbox 650 1538 749 1589; x_wconf 87' lang='grc' dir='ltr'>φησὶ</span> <span class='ocrx_word' id='word_1_95' title='bbox 770 1538 879 1579; x_wconf 91' lang='grc' dir='ltr'>θεούς</span> 
     </span>
     <span class='ocr_line' id='line_1_28' title="bbox 115 1604 302 1646; baseline -0.011 0"><span class='ocrx_word' id='word_1_96' title='bbox 115 1604 213 1646; x_wconf 92' lang='lat'>281.</span> <span class='ocrx_word' id='word_1_97' title='bbox 267 1617 302 1644; x_wconf 91' lang='lat'>1.</span> 
     </span>
    </p>
   </div>
   <div class='ocr_carea' id='block_1_15' title="bbox 292 1672 835 1724">
    <p class='ocr_par' dir='ltr' id='par_1_25' title="bbox 292 1672 835 1724">
     <span class='ocr_line' id='line_1_29' title="bbox 292 1672 835 1724; baseline 0 -12"><span class='ocrx_word' id='word_1_98' title='bbox 292 1704 300 1712; x_wconf 95' lang='lat'><strong><em>.</em></strong></span> <span class='ocrx_word' id='word_1_99' title='bbox 334 1672 470 1724; x_wconf 87' lang='grc' dir='ltr'>νεκρὸν</span> <span class='ocrx_word' id='word_1_100' title='bbox 491 1673 580 1724; x_wconf 84' lang='grc' dir='ltr'>ἄγοι</span> <span class='ocrx_word' id='word_1_101' title='bbox 599 1673 710 1724; x_wconf 87' lang='grc' dir='ltr'>προτὶ</span> <span class='ocrx_word' id='word_1_102' title='bbox 737 1673 835 1713; x_wconf 85' lang='grc' dir='ltr'>ἄστυ</span> 
     </span>
    </p>
   </div>
   <div class='ocr_carea' id='block_1_16' title="bbox 336 1605 709 1660">
    <p class='ocr_par' dir='ltr' id='par_1_26' title="bbox 336 1605 709 1660">
     <span class='ocr_line' id='line_1_30' title="bbox 336 1605 709 1660; baseline 0 -15"><span class='ocrx_word' id='word_1_103' title='bbox 336 1605 523 1657; x_wconf 84' lang='grc' dir='ltr'>ἄγγειλον</span> <span class='ocrx_word' id='word_1_104' title='bbox 545 1605 709 1660; x_wconf 82' lang='grc' dir='ltr'>Πριάμῳ</span> 
     </span>
    </p>
   </div>
   <div class='ocr_carea' id='block_1_17' title="bbox 122 1741 799 2066">
    <p class='ocr_par' dir='ltr' id='par_1_27' title="bbox 290 1741 718 1795">
     <span class='ocr_line' id='line_1_31' title="bbox 290 1741 718 1795; baseline -0.002 -14"><span class='ocrx_word' id='word_1_105' title='bbox 290 1771 298 1781; x_wconf 95' lang='grc'><strong>.</strong></span> <span class='ocrx_word' id='word_1_106' title='bbox 328 1741 492 1783; x_wconf 82' lang='grc' dir='ltr'>ἐντυπὰς</span> <span class='ocrx_word' id='word_1_107' title='bbox 513 1742 555 1781; x_wconf 86' lang='grc' dir='ltr'>ἐν</span> <span class='ocrx_word' id='word_1_108' title='bbox 576 1741 718 1795; x_wconf 84' lang='grc' dir='ltr'>χλαίνῃ</span> 
     </span>
    </p>

    <p class='ocr_par' dir='ltr' id='par_1_28' title="bbox 290 1809 799 1928">
     <span class='ocr_line' id='line_1_32' title="bbox 290 1809 799 1863; baseline -0.002 -14"><span class='ocrx_word' id='word_1_109' title='bbox 290 1839 300 1849; x_wconf 94' lang='grc'><strong>.</strong></span> <span class='ocrx_word' id='word_1_110' title='bbox 332 1809 473 1860; x_wconf 87' lang='grc' dir='ltr'>κόπρος</span> <span class='ocrx_word' id='word_1_111' title='bbox 494 1809 562 1858; x_wconf 87' lang='grc' dir='ltr'>ἔην</span> <span class='ocrx_word' id='word_1_112' title='bbox 585 1809 737 1863; x_wconf 82' lang='grc' dir='ltr'>κεφαλῇ</span> <span class='ocrx_word' id='word_1_113' title='bbox 759 1824 799 1848; x_wconf 91' lang='grc' dir='ltr'>τε</span> 
     </span>
     <span class='ocr_line' id='line_1_33' title="bbox 290 1876 744 1928; baseline -0.004 -10"><span class='ocrx_word' id='word_1_114' title='bbox 290 1909 298 1918; x_wconf 96' lang='grc'><strong>.</strong></span> <span class='ocrx_word' id='word_1_115' title='bbox 331 1876 376 1916; x_wconf 80' lang='grc' dir='ltr'>οὐ</span> <span class='ocrx_word' id='word_1_116' title='bbox 396 1877 470 1926; x_wconf 81' lang='grc' dir='ltr'>μὲν</span> <span class='ocrx_word' id='word_1_117' title='bbox 491 1876 565 1928; x_wconf 90' lang='grc' dir='ltr'>γάρ</span> <span class='ocrx_word' id='word_1_118' title='bbox 586 1893 646 1916; x_wconf 90' lang='grc' dir='ltr'>τοι</span> <span class='ocrx_word' id='word_1_119' title='bbox 668 1877 744 1928; x_wconf 88' lang='grc' dir='ltr'>ἐγώ</span> 
     </span>
    </p>

    <p class='ocr_par' dir='ltr' id='par_1_29' title="bbox 122 1942 771 2066">
     <span class='ocr_line' id='line_1_34' title="bbox 294 1942 771 1995; baseline 0.004 -11"><span class='ocrx_word' id='word_1_120' title='bbox 294 1975 303 1984; x_wconf 87' lang='grc'><strong>.</strong></span> <span class='ocrx_word' id='word_1_121' title='bbox 337 1942 442 1984; x_wconf 82' lang='grc' dir='ltr'>ἔκλε’</span> <span class='ocrx_word' id='word_1_122' title='bbox 465 1943 522 1984; x_wconf 90' lang='grc' dir='ltr'>ἐπ’</span> <span class='ocrx_word' id='word_1_123' title='bbox 546 1945 771 1995; x_wconf 81' lang='grc' dir='ltr'>ἀνθρώπους</span> 
     </span>
     <span class='ocr_line' id='line_1_35' title="bbox 122 2012 307 2066; baseline -0.011 -12"><span class='ocrx_word' id='word_1_124' title='bbox 122 2012 218 2054; x_wconf 91' lang='grc'><strong>282.</strong></span> <span class='ocrx_word' id='word_1_125' title='bbox 268 2025 307 2066; x_wconf 85' lang='lat'>3.</span> 
     </span>
    </p>
   </div>
   <div class='ocr_carea' id='block_1_18' title="bbox 296 2078 700 2132">
    <p class='ocr_par' dir='ltr' id='par_1_30' title="bbox 296 2078 700 2132">
     <span class='ocr_line' id='line_1_36' title="bbox 296 2078 700 2132; baseline 0 -13"><span class='ocrx_word' id='word_1_126' title='bbox 296 2111 304 2119; x_wconf 94' lang='lat'><em>.</em></span> <span class='ocrx_word' id='word_1_127' title='bbox 338 2081 371 2120; x_wconf 86' lang='grc' dir='ltr'>εἰ</span> <span class='ocrx_word' id='word_1_128' title='bbox 392 2078 467 2132; x_wconf 87' lang='grc' dir='ltr'>γάρ</span> <span class='ocrx_word' id='word_1_129' title='bbox 489 2080 526 2119; x_wconf 61' lang='grc' dir='ltr'>σ’</span> <span class='ocrx_word' id='word_1_130' title='bbox 547 2078 700 2131; x_wconf 83' lang='grc' dir='ltr'>αἱρήσει</span> 
     </span>
    </p>
   </div>
   <div class='ocr_carea' id='block_1_19' title="bbox 339 2011 660 2063">
    <p class='ocr_par' dir='ltr' id='par_1_31' title="bbox 339 2011 660 2063">
     <span class='ocr_line' id='line_1_37' title="bbox 339 2011 660 2063; baseline 0 -11"><span class='ocrx_word' id='word_1_131' title='bbox 339 2011 444 2054; x_wconf 80' lang='grc' dir='ltr'>υἱέας</span> <span class='ocrx_word' id='word_1_132' title='bbox 465 2011 660 2063; x_wconf 81' lang='grc' dir='ltr'>ἐξενάριξε</span> 
     </span>
    </p>
   </div>
   <div class='ocr_carea' id='block_1_20' title="bbox 296 2146 720 2190">
    <p class='ocr_par' dir='ltr' id='par_1_32' title="bbox 296 2146 720 2190">
     <span class='ocr_line' id='line_1_38' title="bbox 296 2146 720 2190; baseline 0.002 -4"><span class='ocrx_word' id='word_1_133' title='bbox 296 2179 304 2186; x_wconf 92' lang='grc'><strong>.</strong></span> <span class='ocrx_word' id='word_1_134' title='bbox 336 2146 426 2187; x_wconf 82' lang='grc' dir='ltr'>οὐδέ</span> <span class='ocrx_word' id='word_1_135' title='bbox 444 2164 502 2190; x_wconf 89' lang='grc' dir='ltr'>τις</span> <span class='ocrx_word' id='word_1_136' title='bbox 523 2146 720 2188; x_wconf 86' lang='grc' dir='ltr'>αἰδέσεται</span> 
     </span>
    </p>
   </div>
   <div class='ocr_carea' id='block_1_21' title="bbox 338 2215 578 2256">
    <p class='ocr_par' dir='ltr' id='par_1_33' title="bbox 338 2215 578 2256">
     <span class='ocr_line' id='line_1_39' title="bbox 338 2215 578 2256; baseline -0.004 -1"><span class='ocrx_word' id='word_1_137' title='bbox 338 2215 420 2256; x_wconf 69' lang='grc' dir='ltr'>τότ’</span> <span class='ocrx_word' id='word_1_138' title='bbox 443 2217 578 2256; x_wconf 83' lang='grc' dir='ltr'>ἄντιτα</span> 
     </span>
    </p>
   </div>
   <div class='ocr_carea' id='block_1_22' title="bbox 125 2283 715 2472">
    <p class='ocr_par' dir='ltr' id='par_1_34' title="bbox 125 2283 715 2472">
     <span class='ocr_line' id='line_1_40' title="bbox 301 2283 532 2324; baseline -0.004 -1"><span class='ocrx_word' id='word_1_139' title='bbox 301 2315 309 2323; x_wconf 96' lang='grc'><strong>.</strong></span> <span class='ocrx_word' id='word_1_140' title='bbox 342 2284 426 2324; x_wconf 88' lang='grc' dir='ltr'>ἐπεὶ</span> <span class='ocrx_word' id='word_1_141' title='bbox 447 2283 491 2322; x_wconf 83' lang='grc' dir='ltr'>οὗ</span> <span class='ocrx_word' id='word_1_142' title='bbox 514 2284 532 2322; x_wconf 85' lang='grc' dir='ltr'>ἑ</span> 
     </span>
     <span class='ocr_line' id='line_1_41' title="bbox 302 2350 715 2401; baseline -0.002 -11"><span class='ocrx_word' id='word_1_143' title='bbox 302 2382 309 2390; x_wconf 94' lang='grc'><strong>.</strong></span> <span class='ocrx_word' id='word_1_144' title='bbox 341 2351 448 2391; x_wconf 73' lang='grc' dir='ltr'>ἄλλα</span> <span class='ocrx_word' id='word_1_145' title='bbox 475 2350 548 2401; x_wconf 82' lang='grc' dir='ltr'>πρὸ</span> <span class='ocrx_word' id='word_1_146' title='bbox 569 2351 715 2401; x_wconf 87' lang='grc' dir='ltr'>Τρώων</span> 
     </span>
     <span class='ocr_line' id='line_1_42' title="bbox 125 2416 309 2472; baseline -0.005 -13"><span class='ocrx_word' id='word_1_147' title='bbox 125 2416 221 2472; x_wconf 81' lang='lat'><strong>283.</strong></span> <span class='ocrx_word' id='word_1_148' title='bbox 267 2430 309 2472; x_wconf 85' lang='lat'>5.</span> 
     </span>
    </p>
   </div>
   <div class='ocr_carea' id='block_1_23' title="bbox 342 2417 706 2536">
    <p class='ocr_par' dir='ltr' id='par_1_35' title="bbox 342 2417 706 2536">
     <span class='ocr_line' id='line_1_43' title="bbox 342 2417 706 2469; baseline -0.003 -11"><span class='ocrx_word' id='word_1_149' title='bbox 342 2421 412 2458; x_wconf 85' lang='grc' dir='ltr'>νῦν</span> <span class='ocrx_word' id='word_1_150' title='bbox 433 2417 467 2457; x_wconf 82' lang='grc' dir='ltr'>δ’</span> <span class='ocrx_word' id='word_1_151' title='bbox 495 2417 610 2460; x_wconf 83' lang='grc' dir='ltr'>αὐτὸς</span> <span class='ocrx_word' id='word_1_152' title='bbox 632 2417 706 2469; x_wconf 90' lang='grc' dir='ltr'>γάρ</span> 
     </span>
     <span class='ocr_line' id='line_1_44' title="bbox 342 2485 642 2536; baseline -0.007 -10"><span class='ocrx_word' id='word_1_153' title='bbox 342 2487 377 2526; x_wconf 85' lang='grc' dir='ltr'>εἶ</span> <span class='ocrx_word' id='word_1_154' title='bbox 397 2485 440 2525; x_wconf 89' lang='grc' dir='ltr'>δέ</span> <span class='ocrx_word' id='word_1_155' title='bbox 460 2502 526 2536; x_wconf 91' lang='grc' dir='ltr'>μοι</span> <span class='ocrx_word' id='word_1_156' title='bbox 548 2485 642 2525; x_wconf 82' lang='grc' dir='ltr'>αἶσα</span> 
     </span>
    </p>
   </div>
   <div class='ocr_carea' id='block_1_24' title="bbox 127 2552 681 2739">
    <p class='ocr_par' dir='ltr' id='par_1_36' title="bbox 127 2552 681 2739">
     <span class='ocr_line' id='line_1_45' title="bbox 300 2552 681 2604; baseline -0.003 -11"><span class='ocrx_word' id='word_1_157' title='bbox 300 2585 308 2593; x_wconf 94' lang='grc'><strong>.</strong></span> <span class='ocrx_word' id='word_1_158' title='bbox 340 2552 363 2602; x_wconf 86' lang='grc' dir='ltr'>ἢ</span> <span class='ocrx_word' id='word_1_159' title='bbox 387 2553 448 2592; x_wconf 86' lang='grc' dir='ltr'>καὶ</span> <span class='ocrx_word' id='word_1_160' title='bbox 469 2556 681 2604; x_wconf 85' lang='grc' dir='ltr'>φωριαμῶν</span> 
     </span>
     <span class='ocr_line' id='line_1_46' title="bbox 242 2619 308 2661; baseline -0.03 0"><span class='ocrx_word' id='word_1_161' title='bbox 242 2619 308 2661; x_wconf 90' lang='grc'>28.</span> 
     </span>
     <span class='ocr_line' id='line_1_47' title="bbox 127 2687 309 2739; baseline -0.016 -9"><span class='ocrx_word' id='word_1_162' title='bbox 127 2687 222 2739; x_wconf 86' lang='grc'><strong>284.</strong></span> <span class='ocrx_word' id='word_1_163' title='bbox 274 2701 309 2728; x_wconf 88' lang='lat'>1.</span> 
     </span>
    </p>
   </div>
   <div class='ocr_carea' id='block_1_25' title="bbox 341 2619 928 3010">
    <p class='ocr_par' dir='ltr' id='par_1_37' title="bbox 342 2619 615 2672">
     <span class='ocr_line' id='line_1_48' title="bbox 342 2619 615 2672; baseline -0.004 -12"><span class='ocrx_word' id='word_1_164' title='bbox 342 2619 452 2660; x_wconf 85' lang='grc' dir='ltr'>ἔνθεν</span> <span class='ocrx_word' id='word_1_165' title='bbox 478 2619 521 2672; x_wconf 68' lang='grc' dir='ltr'>ιβ</span> <span class='ocrx_word' id='word_1_166' title='bbox 542 2619 615 2670; x_wconf 89' lang='grc' dir='ltr'>μέν</span> 
     </span>
    </p>

    <p class='ocr_par' dir='ltr' id='par_1_38' title="bbox 343 2689 676 2738">
     <span class='ocr_line' id='line_1_49' title="bbox 343 2689 676 2738; baseline -0.003 -11"><span class='ocrx_word' id='word_1_167' title='bbox 343 2689 499 2738; x_wconf 73' lang='grc' dir='ltr'>ἐξεσίην</span> <span class='ocrx_word' id='word_1_168' title='bbox 521 2689 676 2728; x_wconf 86' lang='grc' dir='ltr'>ἐλθόντι</span> 
     </span>
    </p>

    <p class='ocr_par' dir='ltr' id='par_1_39' title="bbox 341 2754 706 2806">
     <span class='ocr_line' id='line_1_50' title="bbox 341 2754 706 2806; baseline -0.005 -10"><span class='ocrx_word' id='word_1_169' title='bbox 341 2754 364 2806; x_wconf 89' lang='grc' dir='ltr'>ἢ</span> <span class='ocrx_word' id='word_1_170' title='bbox 386 2756 539 2796; x_wconf 83' lang='grc' dir='ltr'>οὕνεσθ’</span> <span class='ocrx_word' id='word_1_171' title='bbox 561 2756 620 2795; x_wconf 87' lang='grc' dir='ltr'>ὅτι</span> <span class='ocrx_word' id='word_1_172' title='bbox 641 2771 706 2806; x_wconf 89' lang='grc' dir='ltr'>μοι</span> 
     </span>
    </p>

    <p class='ocr_par' dir='ltr' id='par_1_40' title="bbox 342 2822 928 3010">
     <span class='ocr_line' id='line_1_51' title="bbox 342 2822 901 2876; baseline 0.002 -14"><span class='ocrx_word' id='word_1_173' title='bbox 342 2822 366 2872; x_wconf 83' lang='grc' dir='ltr'><strong><em>ἦ</em></strong></span> <span class='ocrx_word' id='word_1_174' title='bbox 389 2823 450 2863; x_wconf 91' lang='grc' dir='ltr'>καὶ</span> <span class='ocrx_word' id='word_1_175' title='bbox 473 2824 662 2876; x_wconf 78' lang='grc' dir='ltr'>σκιπανίῳ</span> <span class='ocrx_word' id='word_1_176' title='bbox 687 2822 777 2875; x_wconf 82' lang='lat' dir='ltr'>(sie)</span> <span class='ocrx_word' id='word_1_177' title='bbox 800 2823 901 2863; x_wconf 76' lang='grc' dir='ltr'>δίεπ’</span> 
     </span>
     <span class='ocr_line' id='line_1_52' title="bbox 348 2889 928 2943; baseline 0 -13"><span class='ocrx_word' id='word_1_178' title='bbox 348 2891 559 2943; x_wconf 85' lang='grc' dir='ltr'>Δηΐφοβόν</span> <span class='ocrx_word' id='word_1_179' title='bbox 575 2907 616 2930; x_wconf 91' lang='grc' dir='ltr'>τε</span> <span class='ocrx_word' id='word_1_180' title='bbox 635 2891 697 2931; x_wconf 87' lang='grc' dir='ltr'>καὶ</span> <span class='ocrx_word' id='word_1_181' title='bbox 717 2889 928 2931; x_wconf 83' lang='grc' dir='ltr'>Ἱππόθοον</span> 
     </span>
     <span class='ocr_line' id='line_1_53' title="bbox 345 2957 792 3010; baseline 0 -12"><span class='ocrx_word' id='word_1_182' title='bbox 345 2957 538 3010; x_wconf 89' lang='grc' dir='ltr'>Μήστορά</span> <span class='ocrx_word' id='word_1_183' title='bbox 559 2957 589 2997; x_wconf 84' lang='grc' dir='ltr'>τ’</span> <span class='ocrx_word' id='word_1_184' title='bbox 614 2959 792 2999; x_wconf 83' lang='grc' dir='ltr'>ἀντίθεον</span> 
     </span>
    </p>
   </div>
   <div class='ocr_carea' id='block_1_26' title="bbox 1119 246 1157 285">
    <p class='ocr_par' dir='ltr' id='par_1_41' title="bbox 1119 246 1157 285">
     <span class='ocr_line' id='line_1_54' title="bbox 1119 246 1157 285; baseline 0.026 -1"><span class='ocrx_word' id='word_1_185' title='bbox 1119 246 1157 285; x_wconf 92' lang='lat'>6.</span> 
     </span>
    </p>
   </div>
   <div class='ocr_carea' id='block_1_27' title="bbox 1692 141 1772 180">
    <p class='ocr_par' dir='ltr' id='par_1_42' title="bbox 1692 141 1772 180">
     <span class='ocr_line' id='line_1_55' title="bbox 1692 141 1772 180; baseline -0.013 0"><span class='ocrx_word' id='word_1_186' title='bbox 1692 141 1772 180; x_wconf 84' lang='lat'>381</span> 
     </span>
    </p>
   </div>
   <div class='ocr_carea' id='block_1_28' title="bbox 1190 243 1576 295">
    <p class='ocr_par' dir='ltr' id='par_1_43' title="bbox 1190 243 1576 295">
     <span class='ocr_line' id='line_1_56' title="bbox 1190 243 1576 295; baseline -0.01 -10"><span class='ocrx_word' id='word_1_187' title='bbox 1190 246 1348 295; x_wconf 79' lang='grc' dir='ltr'>πύξινον</span> <span class='ocrx_word' id='word_1_188' title='bbox 1370 243 1576 294; x_wconf 87' lang='grc' dir='ltr'>ὀμφαλόεν</span> 
     </span>
    </p>
   </div>
   <div class='ocr_carea' id='block_1_29' title="bbox 1120 311 1517 368">
    <p class='ocr_par' dir='ltr' id='par_1_44' title="bbox 1120 311 1517 368">
     <span class='ocr_line' id='line_1_57' title="bbox 1120 311 1517 368; baseline -0.01 -14"><span class='ocrx_word' id='word_1_189' title='bbox 1120 316 1158 354; x_wconf 89' lang='grc'>8.</span> <span class='ocrx_word' id='word_1_190' title='bbox 1190 313 1283 368; x_wconf 82' lang='grc' dir='ltr'>πέζῃ</span> <span class='ocrx_word' id='word_1_191' title='bbox 1305 311 1366 352; x_wconf 83' lang='grc' dir='ltr'>ἐπὶ</span> <span class='ocrx_word' id='word_1_192' title='bbox 1388 312 1517 365; x_wconf 87' lang='grc' dir='ltr'>πρώτῃ</span> 
     </span>
    </p>
   </div>
   <div class='ocr_carea' id='block_1_30' title="bbox 1096 394 1160 489">
    <p class='ocr_par' dir='ltr' id='par_1_45' title="bbox 1096 394 1160 489">
     <span class='ocr_line' id='line_1_58' title="bbox 1096 394 1160 430; baseline 0 -9"><span class='ocrx_word' id='word_1_193' title='bbox 1096 394 1160 430; x_wconf 86' lang='lat'>14.</span> 
     </span>
     <span class='ocr_line' id='line_1_59' title="bbox 1097 450 1160 489; baseline 0 0"><span class='ocrx_word' id='word_1_194' title='bbox 1097 450 1160 489; x_wconf 84' lang='lat'>18.</span> 
     </span>
    </p>
   </div>
   <div class='ocr_carea' id='block_1_31' title="bbox 1096 530 1162 639">
    <p class='ocr_par' dir='ltr' id='par_1_46' title="bbox 1096 530 1162 639">
     <span class='ocr_line' id='line_1_60' title="bbox 1096 530 1161 558; baseline -0.031 0"><span class='ocrx_word' id='word_1_195' title='bbox 1096 530 1161 558; x_wconf 81' lang='grc'>22.</span> 
     </span>
     <span class='ocr_line' id='line_1_61' title="bbox 1096 596 1162 639; baseline -0.015 -14"><span class='ocrx_word' id='word_1_196' title='bbox 1096 596 1162 639; x_wconf 83' lang='lat'>23.</span> 
     </span>
    </p>
   </div>
   <div class='ocr_carea' id='block_1_32' title="bbox 981 665 1164 830">
    <p class='ocr_par' dir='ltr' id='par_1_47' title="bbox 981 665 1164 830">
     <span class='ocr_line' id='line_1_62' title="bbox 1096 665 1163 707; baseline -0.015 -13"><span class='ocrx_word' id='word_1_197' title='bbox 1096 665 1163 707; x_wconf 88' lang='lat'>25.</span> 
     </span>
     <span class='ocr_line' id='line_1_63' title="bbox 1095 733 1163 774; baseline -0.015 -12"><span class='ocrx_word' id='word_1_198' title='bbox 1095 733 1163 774; x_wconf 86' lang='lat'>29.</span> 
     </span>
     <span class='ocr_line' id='line_1_64' title="bbox 981 788 1164 830; baseline -0.005 0"><span class='ocrx_word' id='word_1_199' title='bbox 981 788 1077 830; x_wconf 88' lang='lat'><em>286.</em></span> <span class='ocrx_word' id='word_1_200' title='bbox 1130 802 1164 829; x_wconf 89' lang='lat'>1.</span> 
     </span>
    </p>
   </div>
   <div class='ocr_carea' id='block_1_33' title="bbox 1124 866 1162 908">
    <p class='ocr_par' dir='ltr' id='par_1_48' title="bbox 1124 866 1162 908">
     <span class='ocr_line' id='line_1_65' title="bbox 1124 866 1162 908; baseline 0 -12"><span class='ocrx_word' id='word_1_201' title='bbox 1124 866 1162 908; x_wconf 80' lang='grc'><strong>5.</strong></span> 
     </span>
    </p>
   </div>
   <div class='ocr_carea' id='block_1_34' title="bbox 983 936 1173 1725">
    <p class='ocr_par' dir='ltr' id='par_1_49' title="bbox 983 936 1173 1725">
     <span class='ocr_line' id='line_1_66' title="bbox 1097 936 1164 978; baseline 0 -14"><span class='ocrx_word' id='word_1_202' title='bbox 1097 936 1164 978; x_wconf 81' lang='lat'>23.</span> 
     </span>
     <span class='ocr_line' id='line_1_67' title="bbox 1097 992 1164 1032; baseline 0 -1"><span class='ocrx_word' id='word_1_203' title='bbox 1097 992 1164 1032; x_wconf 87' lang='lat'>26.</span> 
     </span>
     <span class='ocr_line' id='line_1_68' title="bbox 983 1060 1167 1111; baseline -0.011 -9"><span class='ocrx_word' id='word_1_204' title='bbox 983 1060 1079 1111; x_wconf 86' lang='lat'><em>287.</em></span> <span class='ocrx_word' id='word_1_205' title='bbox 1129 1071 1167 1111; x_wconf 93' lang='lat'>7.</span> 
     </span>
     <span class='ocr_line' id='line_1_69' title="bbox 1102 1140 1165 1168; baseline 0 0"><span class='ocrx_word' id='word_1_206' title='bbox 1102 1140 1165 1168; x_wconf 89' lang='lat'>12.</span> 
     </span>
     <span class='ocr_line' id='line_1_70' title="bbox 1108 1209 1170 1245; baseline 0 -10"><span class='ocrx_word' id='word_1_207' title='bbox 1108 1209 1170 1245; x_wconf 85' lang='lat'>14.</span> 
     </span>
     <span class='ocr_line' id='line_1_71' title="bbox 1101 1277 1165 1305; baseline -0.031 0"><span class='ocrx_word' id='word_1_208' title='bbox 1101 1277 1165 1305; x_wconf 86' lang='lat'>20.</span> 
     </span>
     <span class='ocr_line' id='line_1_72' title="bbox 1103 1332 1169 1373; baseline -0.03 -1"><span class='ocrx_word' id='word_1_209' title='bbox 1103 1332 1169 1373; x_wconf 83' lang='lat'>26.</span> 
     </span>
     <span class='ocr_line' id='line_1_73' title="bbox 987 1400 1169 1442; baseline -0.016 0"><span class='ocrx_word' id='word_1_210' title='bbox 987 1400 1081 1442; x_wconf 82' lang='lat'>288.</span> <span class='ocrx_word' id='word_1_211' title='bbox 1132 1412 1169 1441; x_wconf 89' lang='grc'>2.</span> 
     </span>
     <span class='ocr_line' id='line_1_74' title="bbox 1108 1481 1169 1508; baseline -0.016 0"><span class='ocrx_word' id='word_1_212' title='bbox 1108 1481 1169 1508; x_wconf 91' lang='lat'>11.</span> 
     </span>
     <span class='ocr_line' id='line_1_75' title="bbox 1103 1548 1169 1590; baseline -0.015 -14"><span class='ocrx_word' id='word_1_213' title='bbox 1103 1548 1169 1590; x_wconf 88' lang='lat'>25.</span> 
     </span>
     <span class='ocr_line' id='line_1_76' title="bbox 1103 1615 1170 1655; baseline 0 -11"><span class='ocrx_word' id='word_1_214' title='bbox 1103 1615 1170 1655; x_wconf 88' lang='lat'>27.</span> 
     </span>
     <span class='ocr_line' id='line_1_77' title="bbox 1111 1685 1173 1725; baseline 0.016 -15"><span class='ocrx_word' id='word_1_215' title='bbox 1111 1685 1173 1725; x_wconf 85' lang='lat'>13.</span> 
     </span>
    </p>
   </div>
   <div class='ocr_carea' id='block_1_35' title="bbox 988 1672 1084 1724">
    <p class='ocr_par' dir='ltr' id='par_1_50' title="bbox 988 1672 1084 1724">
     <span class='ocr_line' id='line_1_78' title="bbox 988 1672 1084 1724; baseline 0 -13"><span class='ocrx_word' id='word_1_216' title='bbox 988 1672 1084 1724; x_wconf 86' lang='lat'><strong>289.</strong></span> 
     </span>
    </p>
   </div>
   <div class='ocr_carea' id='block_1_36' title="bbox 990 1819 1177 1982">
    <p class='ocr_par' dir='ltr' id='par_1_51' title="bbox 990 1819 1177 1982">
     <span class='ocr_line' id='line_1_79' title="bbox 1108 1819 1177 1848; baseline 0.014 -2"><span class='ocrx_word' id='word_1_217' title='bbox 1108 1819 1177 1848; x_wconf 87' lang='lat'>21.</span> 
     </span>
     <span class='ocr_line' id='line_1_80' title="bbox 990 1876 1175 1927; baseline -0.011 -11"><span class='ocrx_word' id='word_1_218' title='bbox 990 1887 1085 1927; x_wconf 81' lang='lat'>290.</span> <span class='ocrx_word' id='word_1_219' title='bbox 1138 1876 1175 1914; x_wconf 86' lang='grc'><strong>8.</strong></span> 
     </span>
     <span class='ocr_line' id='line_1_81' title="bbox 1111 1955 1171 1982; baseline -0.017 0"><span class='ocrx_word' id='word_1_220' title='bbox 1111 1955 1171 1982; x_wconf 87' lang='lat'>11.</span> 
     </span>
    </p>
   </div>
   <div class='ocr_carea' id='block_1_37' title="bbox 997 2564 1093 2604">
    <p class='ocr_par' dir='ltr' id='par_1_52' title="bbox 997 2564 1093 2604">
     <span class='ocr_line' id='line_1_82' title="bbox 997 2564 1093 2604; baseline -0.01 -11"><span class='ocrx_word' id='word_1_221' title='bbox 997 2564 1093 2604; x_wconf 84' lang='grc'><strong>292.</strong></span> 
     </span>
    </p>
   </div>
   <div class='ocr_carea' id='block_1_38' title="bbox 1000 2833 1181 3010">
    <p class='ocr_par' dir='ltr' id='par_1_53' title="bbox 1000 2833 1181 3010">
     <span class='ocr_line' id='line_1_83' title="bbox 1113 2833 1179 2872; baseline -0.03 -10"><span class='ocrx_word' id='word_1_222' title='bbox 1113 2833 1179 2872; x_wconf 83' lang='grc'>24.</span> 
     </span>
     <span class='ocr_line' id='line_1_84' title="bbox 1113 2897 1179 2939; baseline -0.03 -11"><span class='ocrx_word' id='word_1_223' title='bbox 1113 2897 1179 2939; x_wconf 86' lang='grc'>27.</span> 
     </span>
     <span class='ocr_line' id='line_1_85' title="bbox 1000 2955 1181 3010; baseline -0.022 -13"><span class='ocrx_word' id='word_1_224' title='bbox 1000 2968 1094 3010; x_wconf 82' lang='lat'>293.</span> <span class='ocrx_word' id='word_1_225' title='bbox 1143 2955 1181 2994; x_wconf 93' lang='lat'>6.</span> 
     </span>
    </p>
   </div>
   <div class='ocr_carea' id='block_1_39' title="bbox 1193 377 1792 2601">
    <p class='ocr_par' dir='ltr' id='par_1_54' title="bbox 1193 377 1703 429">
     <span class='ocr_line' id='line_1_86' title="bbox 1193 377 1703 429; baseline -0.008 -9"><span class='ocrx_word' id='word_1_226' title='bbox 1193 382 1233 420; x_wconf 89' lang='grc' dir='ltr'>ἐκ</span> <span class='ocrx_word' id='word_1_227' title='bbox 1255 380 1434 429; x_wconf 87' lang='grc' dir='ltr'>θαλάμου</span> <span class='ocrx_word' id='word_1_228' title='bbox 1455 380 1496 418; x_wconf 81' lang='grc' dir='ltr'>δὲ</span> <span class='ocrx_word' id='word_1_229' title='bbox 1518 377 1703 429; x_wconf 86' lang='grc' dir='ltr'>φέροντες</span> 
     </span>
    </p>

    <p class='ocr_par' dir='ltr' id='par_1_55' title="bbox 1195 449 1589 500">
     <span class='ocr_line' id='line_1_87' title="bbox 1195 449 1589 500; baseline 0 -11"><span class='ocrx_word' id='word_1_230' title='bbox 1195 451 1308 500; x_wconf 78' lang='grc' dir='ltr'>κῆρυξ</span> <span class='ocrx_word' id='word_1_231' title='bbox 1330 449 1391 488; x_wconf 87' lang='grc' dir='ltr'>καὶ</span> <span class='ocrx_word' id='word_1_232' title='bbox 1413 449 1589 498; x_wconf 87' lang='grc' dir='ltr'>Πρίαμος</span> 
     </span>
    </p>

    <p class='ocr_par' dir='ltr' id='par_1_56' title="bbox 1194 514 1647 566">
     <span class='ocr_line' id='line_1_88' title="bbox 1194 514 1647 566; baseline -0.007 -10"><span class='ocrx_word' id='word_1_233' title='bbox 1194 518 1291 557; x_wconf 85' lang='grc' dir='ltr'>αἴτει</span> <span class='ocrx_word' id='word_1_234' title='bbox 1313 515 1346 556; x_wconf 85' lang='grc' dir='ltr'>δ’</span> <span class='ocrx_word' id='word_1_235' title='bbox 1368 514 1504 555; x_wconf 81' lang='grc' dir='ltr'>οἰωνὸν</span> <span class='ocrx_word' id='word_1_236' title='bbox 1524 514 1647 566; x_wconf 88' lang='grc' dir='ltr'>ταχύν</span> 
     </span>
    </p>

    <p class='ocr_par' dir='ltr' id='par_1_57' title="bbox 1193 583 1475 636">
     <span class='ocr_line' id='line_1_89' title="bbox 1193 583 1475 636; baseline -0.007 -12"><span class='ocrx_word' id='word_1_237' title='bbox 1193 585 1234 626; x_wconf 85' lang='grc' dir='ltr'>ὅς</span> <span class='ocrx_word' id='word_1_238' title='bbox 1255 583 1297 623; x_wconf 91' lang='grc' dir='ltr'>τέ</span> <span class='ocrx_word' id='word_1_239' title='bbox 1316 585 1353 623; x_wconf 86' lang='grc' dir='ltr'>οἱ</span> <span class='ocrx_word' id='word_1_240' title='bbox 1374 584 1475 636; x_wconf 76' lang='grc' dir='ltr'>αὐτῷ</span> 
     </span>
    </p>

    <p class='ocr_par' dir='ltr' id='par_1_58' title="bbox 1196 652 1551 705">
     <span class='ocr_line' id='line_1_90' title="bbox 1196 652 1551 705; baseline -0.008 -12"><span class='ocrx_word' id='word_1_241' title='bbox 1196 654 1385 705; x_wconf 86' lang='grc' dir='ltr'>φίλτατος</span> <span class='ocrx_word' id='word_1_242' title='bbox 1406 652 1551 691; x_wconf 84' lang='grc' dir='ltr'>οἰωνῶν</span> 
     </span>
    </p>

    <p class='ocr_par' dir='ltr' id='par_1_59' title="bbox 1194 718 1630 773">
     <span class='ocr_line' id='line_1_91' title="bbox 1194 718 1630 773; baseline -0.005 -13"><span class='ocrx_word' id='word_1_243' title='bbox 1194 720 1382 773; x_wconf 84' lang='grc' dir='ltr'>χέρνιβον</span> <span class='ocrx_word' id='word_1_244' title='bbox 1403 718 1630 770; x_wconf 82' lang='grc' dir='ltr'>ἀμφίπολος</span> 
     </span>
    </p>

    <p class='ocr_par' dir='ltr' id='par_1_60' title="bbox 1197 784 1596 841">
     <span class='ocr_line' id='line_1_92' title="bbox 1197 784 1596 841; baseline -0.008 -12"><span class='ocrx_word' id='word_1_245' title='bbox 1197 788 1322 841; x_wconf 67' lang='grc' dir='ltr'>εὔχετ’</span> <span class='ocrx_word' id='word_1_246' title='bbox 1340 788 1474 828; x_wconf 85' lang='grc' dir='ltr'>ἔπειτα</span> <span class='ocrx_word' id='word_1_247' title='bbox 1500 784 1596 826; x_wconf 88' lang='grc' dir='ltr'>στάς</span> 
     </span>
    </p>

    <p class='ocr_par' dir='ltr' id='par_1_61' title="bbox 1196 849 1634 902">
     <span class='ocr_line' id='line_1_93' title="bbox 1196 849 1634 902; baseline -0.011 -6"><span class='ocrx_word' id='word_1_248' title='bbox 1196 856 1332 896; x_wconf 84' lang='grc' dir='ltr'>αὐτίκα</span> <span class='ocrx_word' id='word_1_249' title='bbox 1355 853 1384 895; x_wconf 81' lang='grc' dir='ltr'>δ’</span> <span class='ocrx_word' id='word_1_250' title='bbox 1410 853 1541 894; x_wconf 79' lang='grc' dir='ltr'>αἰετὸν</span> <span class='ocrx_word' id='word_1_251' title='bbox 1566 849 1634 902; x_wconf 81' lang='grc' dir='ltr'>ἧκε</span> 
     </span>
    </p>

    <p class='ocr_par' dir='ltr' id='par_1_62' title="bbox 1198 922 1530 975">
     <span class='ocr_line' id='line_1_94' title="bbox 1198 922 1530 975; baseline -0.012 -11"><span class='ocrx_word' id='word_1_252' title='bbox 1198 922 1330 975; x_wconf 81' lang='grc' dir='ltr'>ἀνέρος</span> <span class='ocrx_word' id='word_1_253' title='bbox 1352 923 1530 974; x_wconf 84' lang='grc' dir='ltr'>ἀφνειοῖο</span> 
     </span>
    </p>

    <p class='ocr_par' dir='ltr' id='par_1_63' title="bbox 1198 990 1531 1042">
     <span class='ocr_line' id='line_1_95' title="bbox 1198 990 1531 1042; baseline -0.012 -10"><span class='ocrx_word' id='word_1_254' title='bbox 1198 990 1352 1041; x_wconf 83' lang='grc' dir='ltr'>ἐϋκλήις</span> <span class='ocrx_word' id='word_1_255' title='bbox 1370 991 1531 1042; x_wconf 84' lang='grc' dir='ltr'>ἀραρυῖα</span> 
     </span>
    </p>

    <p class='ocr_par' dir='ltr' id='par_1_64' title="bbox 1200 1057 1439 1110">
     <span class='ocr_line' id='line_1_96' title="bbox 1200 1057 1439 1110; baseline -0.008 -11"><span class='ocrx_word' id='word_1_256' title='bbox 1200 1060 1296 1099; x_wconf 87' lang='grc' dir='ltr'>ἔσαν</span> <span class='ocrx_word' id='word_1_257' title='bbox 1317 1057 1439 1110; x_wconf 90' lang='grc' dir='ltr'>πτερά</span> 
     </span>
    </p>

    <p class='ocr_par' dir='ltr' id='par_1_65' title="bbox 1198 1124 1646 1167">
     <span class='ocr_line' id='line_1_97' title="bbox 1198 1124 1646 1167; baseline -0.009 0"><span class='ocrx_word' id='word_1_258' title='bbox 1198 1129 1235 1167; x_wconf 83' lang='grc' dir='ltr'>οῖ</span> <span class='ocrx_word' id='word_1_259' title='bbox 1261 1126 1293 1167; x_wconf 83' lang='grc' dir='ltr'>δ’</span> <span class='ocrx_word' id='word_1_260' title='bbox 1316 1127 1400 1167; x_wconf 82' lang='grc' dir='ltr'>ἐπεὶ</span> <span class='ocrx_word' id='word_1_261' title='bbox 1422 1125 1489 1165; x_wconf 73' lang='grc' dir='ltr'>οὖν</span> <span class='ocrx_word' id='word_1_262' title='bbox 1509 1124 1646 1164; x_wconf 87' lang='grc' dir='ltr'>πόλιος</span> 
     </span>
    </p>

    <p class='ocr_par' dir='ltr' id='par_1_66' title="bbox 1202 1192 1615 1244">
     <span class='ocr_line' id='line_1_98' title="bbox 1202 1192 1615 1244; baseline -0.01 -9"><span class='ocrx_word' id='word_1_263' title='bbox 1202 1198 1335 1237; x_wconf 82' lang='grc' dir='ltr'>παῖδες</span> <span class='ocrx_word' id='word_1_264' title='bbox 1358 1194 1419 1234; x_wconf 86' lang='grc' dir='ltr'>καὶ</span> <span class='ocrx_word' id='word_1_265' title='bbox 1439 1192 1615 1244; x_wconf 88' lang='grc' dir='ltr'>γαμβροί</span> 
     </span>
    </p>

    <p class='ocr_par' dir='ltr' id='par_1_67' title="bbox 1197 1262 1624 1304">
     <span class='ocr_line' id='line_1_99' title="bbox 1197 1262 1624 1304; baseline -0.009 -1"><span class='ocrx_word' id='word_1_266' title='bbox 1197 1267 1275 1304; x_wconf 85' lang='grc' dir='ltr'>τῶν</span> <span class='ocrx_word' id='word_1_267' title='bbox 1300 1262 1433 1302; x_wconf 85' lang='grc' dir='ltr'>ἄλλων</span> <span class='ocrx_word' id='word_1_268' title='bbox 1452 1263 1624 1300; x_wconf 83' lang='grc' dir='ltr'>’Δαναῶν</span> 
     </span>
    </p>

    <p class='ocr_par' dir='ltr' id='par_1_68' title="bbox 1203 1328 1562 1381">
     <span class='ocr_line' id='line_1_100' title="bbox 1203 1328 1562 1381; baseline -0.014 -9"><span class='ocrx_word' id='word_1_269' title='bbox 1203 1333 1330 1372; x_wconf 85' lang='grc' dir='ltr'>εἵλετο</span> <span class='ocrx_word' id='word_1_270' title='bbox 1353 1332 1393 1370; x_wconf 83' lang='grc' dir='ltr'>δὲ</span> <span class='ocrx_word' id='word_1_271' title='bbox 1413 1328 1562 1381; x_wconf 85' lang='grc' dir='ltr'>ῥάβδον</span> 
     </span>
    </p>

    <p class='ocr_par' dir='ltr' id='par_1_69' title="bbox 1203 1396 1609 1449">
     <span class='ocr_line' id='line_1_101' title="bbox 1203 1396 1609 1449; baseline -0.005 -10"><span class='ocrx_word' id='word_1_272' title='bbox 1203 1400 1455 1449; x_wconf 86' lang='grc' dir='ltr'>αἰσυμνητῆρι</span> <span class='ocrx_word' id='word_1_273' title='bbox 1477 1396 1609 1437; x_wconf 86' lang='grc' dir='ltr'>ἐοικώς</span> 
     </span>
    </p>

    <p class='ocr_par' dir='ltr' id='par_1_70' title="bbox 1201 1462 1716 1514">
     <span class='ocr_line' id='line_1_102' title="bbox 1201 1462 1716 1514; baseline -0.012 -7"><span class='ocrx_word' id='word_1_274' title='bbox 1201 1469 1330 1507; x_wconf 88' lang='grc' dir='ltr'>τόσσα</span> <span class='ocrx_word' id='word_1_275' title='bbox 1351 1465 1384 1505; x_wconf 74' lang='grc' dir='ltr'>δ’</span> <span class='ocrx_word' id='word_1_276' title='bbox 1408 1462 1549 1505; x_wconf 83' lang='grc' dir='ltr'>ὀνείατ’</span> <span class='ocrx_word' id='word_1_277' title='bbox 1572 1463 1716 1514; x_wconf 85' lang='grc' dir='ltr'>ἄγοντα</span> 
     </span>
    </p>

    <p class='ocr_par' dir='ltr' id='par_1_71' title="bbox 1202 1531 1670 1585">
     <span class='ocr_line' id='line_1_103' title="bbox 1202 1531 1670 1585; baseline -0.013 -10"><span class='ocrx_word' id='word_1_278' title='bbox 1202 1534 1254 1577; x_wconf 77' lang='grc' dir='ltr'>ὤς</span> <span class='ocrx_word' id='word_1_279' title='bbox 1274 1551 1340 1585; x_wconf 86' lang='grc' dir='ltr'>μοι</span> <span class='ocrx_word' id='word_1_280' title='bbox 1358 1535 1459 1574; x_wconf 75' lang='grc' dir='ltr'>καλὰ</span> <span class='ocrx_word' id='word_1_281' title='bbox 1479 1532 1547 1571; x_wconf 87' lang='grc' dir='ltr'>τὸν</span> <span class='ocrx_word' id='word_1_282' title='bbox 1564 1531 1670 1583; x_wconf 78' lang='grc' dir='ltr'>οῗτρν</span> 
     </span>
    </p>

    <p class='ocr_par' dir='ltr' id='par_1_72' title="bbox 1203 1599 1714 1653">
     <span class='ocr_line' id='line_1_104' title="bbox 1203 1599 1714 1653; baseline -0.012 -10"><span class='ocrx_word' id='word_1_283' title='bbox 1203 1604 1379 1653; x_wconf 84' lang='grc' dir='ltr'>ἀπότμου</span> <span class='ocrx_word' id='word_1_284' title='bbox 1400 1600 1536 1641; x_wconf 86' lang='grc' dir='ltr'>παιδὸς</span> <span class='ocrx_word' id='word_1_285' title='bbox 1558 1599 1714 1639; x_wconf 86' lang='grc' dir='ltr'>ἔνισπες</span> 
     </span>
    </p>

    <p class='ocr_par' dir='ltr' id='par_1_73' title="bbox 1207 1667 1788 1790">
     <span class='ocr_line' id='line_1_105' title="bbox 1207 1667 1788 1721; baseline -0.014 -10"><span class='ocrx_word' id='word_1_286' title='bbox 1207 1669 1453 1721; x_wconf 84' lang='grc' dir='ltr'>Πάτροκλον,</span> <span class='ocrx_word' id='word_1_287' title='bbox 1491 1672 1567 1707; x_wconf 91' lang='grc' dir='ltr'>τῶν</span> <span class='ocrx_word' id='word_1_288' title='bbox 1608 1667 1648 1706; x_wconf 83' lang='grc' dir='ltr'>δὲ</span> <span class='ocrx_word' id='word_1_289' title='bbox 1695 1680 1788 1704; x_wconf 87' lang='grc' dir='ltr'>στο-</span> 
     </span>
     <span class='ocr_line' id='line_1_106' title="bbox 1247 1737 1346 1790; baseline -0.02 -12"><span class='ocrx_word' id='word_1_290' title='bbox 1247 1737 1346 1790; x_wconf 87' lang='grc' dir='ltr'>ναχή</span> 
     </span>
    </p>

    <p class='ocr_par' dir='ltr' id='par_1_74' title="bbox 1210 1804 1462 1857">
     <span class='ocr_line' id='line_1_107' title="bbox 1210 1804 1462 1857; baseline -0.008 -12"><span class='ocrx_word' id='word_1_291' title='bbox 1210 1804 1299 1846; x_wconf 82' lang='grc' dir='ltr'>ἀλλ’</span> <span class='ocrx_word' id='word_1_292' title='bbox 1324 1806 1394 1857; x_wconf 83' lang='grc' dir='ltr'>ἆγε</span> <span class='ocrx_word' id='word_1_293' title='bbox 1417 1804 1462 1853; x_wconf 85' lang='grc' dir='ltr'>δή</span> 
     </span>
    </p>

    <p class='ocr_par' dir='ltr' id='par_1_75' title="bbox 1209 1871 1589 1925">
     <span class='ocr_line' id='line_1_108' title="bbox 1209 1871 1589 1925; baseline -0.011 -11"><span class='ocrx_word' id='word_1_294' title='bbox 1209 1874 1304 1914; x_wconf 86' lang='grc' dir='ltr'>δοιοὶ</span> <span class='ocrx_word' id='word_1_295' title='bbox 1325 1871 1399 1925; x_wconf 88' lang='grc' dir='ltr'>γάρ</span> <span class='ocrx_word' id='word_1_296' title='bbox 1421 1888 1462 1912; x_wconf 89' lang='grc' dir='ltr'>τε</span> <span class='ocrx_word' id='word_1_297' title='bbox 1485 1872 1589 1911; x_wconf 83' lang='grc' dir='ltr'>πίθοι</span> 
     </span>
    </p>

    <p class='ocr_par' dir='ltr' id='par_1_76' title="bbox 1206 1939 1792 2252">
     <span class='ocr_line' id='line_1_109' title="bbox 1206 1939 1790 1988; baseline -0.01 -7"><span class='ocrx_word' id='word_1_298' title='bbox 1206 1941 1298 1981; x_wconf 83' lang='lat' dir='ltr'>Hoc</span> <span class='ocrx_word' id='word_1_299' title='bbox 1326 1939 1511 1980; x_wconf 85' lang='lat' dir='ltr'>scholion</span> <span class='ocrx_word' id='word_1_300' title='bbox 1537 1940 1592 1980; x_wconf 80' lang='grc' dir='ltr'>εἷς</span> <span class='ocrx_word' id='word_1_301' title='bbox 1616 1951 1790 1988; x_wconf 87' lang='grc' dir='ltr'>παραμυ-</span> 
     </span>
     <span class='ocr_line' id='line_1_110' title="bbox 1247 2005 1792 2060; baseline -0.013 -11"><span class='ocrx_word' id='word_1_302' title='bbox 1247 2006 1587 2060; x_wconf 72' lang='grc' dir='ltr'>θίαν-προσώπῳ</span> <span class='ocrx_word' id='word_1_303' title='bbox 1597 2005 1792 2045; x_wconf 71' lang='lat' dir='ltr'>lemmate</span> 
     </span>
     <span class='ocr_line' id='line_1_111' title="bbox 1248 2075 1789 2128; baseline -0.011 -12"><span class='ocrx_word' id='word_1_304' title='bbox 1248 2080 1370 2125; x_wconf 72' lang='lat' dir='ltr'><strong>earet,</strong></span> <span class='ocrx_word' id='word_1_305' title='bbox 1405 2075 1502 2128; x_wconf 79' lang='lat' dir='ltr'>quia</span> <span class='ocrx_word' id='word_1_306' title='bbox 1538 2088 1633 2113; x_wconf 83' lang='lat' dir='ltr'>cum</span> <span class='ocrx_word' id='word_1_307' title='bbox 1674 2086 1789 2125; x_wconf 79' lang='lat' dir='ltr'>prae-</span> 
     </span>
     <span class='ocr_line' id='line_1_112' title="bbox 1249 2142 1788 2185; baseline -0.013 0"><span class='ocrx_word' id='word_1_308' title='bbox 1249 2144 1419 2185; x_wconf 71' lang='lat' dir='ltr'>cedente</span> <span class='ocrx_word' id='word_1_309' title='bbox 1435 2142 1704 2182; x_wconf 72' lang='lat' dir='ltr'>coniunctum</span> <span class='ocrx_word' id='word_1_310' title='bbox 1726 2143 1788 2179; x_wconf 73' lang='lat' dir='ltr'>est</span> 
     </span>
     <span class='ocr_line' id='line_1_113' title="bbox 1249 2213 1353 2252; baseline -0.01 0"><span class='ocrx_word' id='word_1_311' title='bbox 1249 2213 1290 2252; x_wconf 86' lang='lat' dir='ltr'>in</span> <span class='ocrx_word' id='word_1_312' title='bbox 1314 2213 1353 2251; x_wconf 90' lang='lat' dir='ltr'><strong>A</strong></span> 
     </span>
    </p>

    <p class='ocr_par' dir='ltr' id='par_1_77' title="bbox 1209 2279 1580 2333">
     <span class='ocr_line' id='line_1_114' title="bbox 1209 2279 1580 2333; baseline -0.011 -12"><span class='ocrx_word' id='word_1_313' title='bbox 1209 2282 1340 2333; x_wconf 87' lang='grc' dir='ltr'>δώρων</span> <span class='ocrx_word' id='word_1_314' title='bbox 1362 2281 1425 2320; x_wconf 74' lang='grc' dir='ltr'>οἷα</span> <span class='ocrx_word' id='word_1_315' title='bbox 1447 2279 1580 2318; x_wconf 89' lang='grc' dir='ltr'>δίδωσι</span> 
     </span>
    </p>

    <p class='ocr_par' dir='ltr' id='par_1_78' title="bbox 1210 2346 1626 2402">
     <span class='ocr_line' id='line_1_115' title="bbox 1210 2346 1626 2402; baseline -0.01 -14"><span class='ocrx_word' id='word_1_316' title='bbox 1210 2350 1323 2402; x_wconf 76' lang='grc' dir='ltr'>ὄλβῳ</span> <span class='ocrx_word' id='word_1_317' title='bbox 1345 2364 1387 2387; x_wconf 89' lang='grc' dir='ltr'>τε</span> <span class='ocrx_word' id='word_1_318' title='bbox 1408 2346 1562 2399; x_wconf 80' lang='grc' dir='ltr'>πλούτῳ</span> <span class='ocrx_word' id='word_1_319' title='bbox 1585 2361 1626 2384; x_wconf 89' lang='grc' dir='ltr'>τε</span> 
     </span>
    </p>

    <p class='ocr_par' dir='ltr' id='par_1_79' title="bbox 1211 2412 1578 2463">
     <span class='ocr_line' id='line_1_116' title="bbox 1211 2412 1578 2463; baseline -0.014 -7"><span class='ocrx_word' id='word_1_320' title='bbox 1211 2417 1253 2456; x_wconf 90' lang='grc' dir='ltr'>τέ</span> <span class='ocrx_word' id='word_1_321' title='bbox 1273 2433 1338 2457; x_wconf 92' lang='grc' dir='ltr'>κεν</span> <span class='ocrx_word' id='word_1_322' title='bbox 1359 2412 1578 2463; x_wconf 78' lang='grc' dir='ltr'>παναώριον</span> 
     </span>
    </p>

    <p class='ocr_par' dir='ltr' id='par_1_80' title="bbox 1213 2479 1679 2534">
     <span class='ocr_line' id='line_1_117' title="bbox 1213 2479 1679 2534; baseline -0.009 -10"><span class='ocrx_word' id='word_1_323' title='bbox 1213 2485 1298 2524; x_wconf 85' lang='grc' dir='ltr'>ἐπεί</span> <span class='ocrx_word' id='word_1_324' title='bbox 1315 2500 1363 2534; x_wconf 87' lang='grc' dir='ltr'>με</span> <span class='ocrx_word' id='word_1_325' title='bbox 1385 2485 1538 2533; x_wconf 84' lang='grc' dir='ltr'>πρῶτον</span> <span class='ocrx_word' id='word_1_326' title='bbox 1560 2479 1679 2520; x_wconf 84' lang='grc' dir='ltr'>ἔασας</span> 
     </span>
    </p>

    <p class='ocr_par' dir='ltr' id='par_1_81' title="bbox 1213 2547 1680 2601">
     <span class='ocr_line' id='line_1_118' title="bbox 1213 2547 1680 2601; baseline -0.009 -9"><span class='ocrx_word' id='word_1_327' title='bbox 1213 2553 1298 2592; x_wconf 86' lang='grc' dir='ltr'>ἐπεί</span> <span class='ocrx_word' id='word_1_328' title='bbox 1315 2567 1363 2601; x_wconf 94' lang='grc' dir='ltr'>με</span> <span class='ocrx_word' id='word_1_329' title='bbox 1385 2552 1537 2601; x_wconf 85' lang='grc' dir='ltr'>πρῶτον</span> <span class='ocrx_word' id='word_1_330' title='bbox 1559 2547 1680 2588; x_wconf 79' lang='grc' dir='ltr'>ἔασας</span> 
     </span>
    </p>
   </div>
   <div class='ocr_carea' id='block_1_40' title="bbox 1171 2614 1726 2737">
    <p class='ocr_par' dir='ltr' id='par_1_82' title="bbox 1171 2614 1726 2737">
     <span class='ocr_line' id='line_1_119' title="bbox 1171 2614 1726 2669; baseline -0.009 -11"><span class='ocrx_word' id='word_1_331' title='bbox 1171 2651 1179 2658; x_wconf 90' lang='grc'><strong>.</strong></span> <span class='ocrx_word' id='word_1_332' title='bbox 1214 2621 1252 2661; x_wconf 84' lang='grc' dir='ltr'>ἐς</span> <span class='ocrx_word' id='word_1_333' title='bbox 1275 2618 1452 2669; x_wconf 84' lang='grc' dir='ltr'>στρατὸν,</span> <span class='ocrx_word' id='word_1_334' title='bbox 1475 2614 1562 2655; x_wconf 81' lang='grc' dir='ltr'>οὐδὲ</span> <span class='ocrx_word' id='word_1_335' title='bbox 1583 2617 1658 2666; x_wconf 79' lang='grc' dir='ltr'>γὰρ</span> <span class='ocrx_word' id='word_1_336' title='bbox 1679 2614 1726 2653; x_wconf 81' lang='grc' dir='ltr'>ἄν</span> 
     </span>
     <span class='ocr_line' id='line_1_120' title="bbox 1171 2682 1682 2737; baseline -0.01 -11"><span class='ocrx_word' id='word_1_337' title='bbox 1171 2719 1178 2726; x_wconf 94' lang='grc'><strong>.</strong></span> <span class='ocrx_word' id='word_1_338' title='bbox 1211 2687 1297 2726; x_wconf 84' lang='grc' dir='ltr'>οὐδὲ</span> <span class='ocrx_word' id='word_1_339' title='bbox 1319 2686 1394 2737; x_wconf 80' lang='grc' dir='ltr'>γὰρ</span> <span class='ocrx_word' id='word_1_340' title='bbox 1416 2684 1463 2724; x_wconf 81' lang='grc' dir='ltr'>ἂν</span> <span class='ocrx_word' id='word_1_341' title='bbox 1484 2682 1682 2732; x_wconf 83' lang='grc' dir='ltr'>φυλακούς</span> 
     </span>
    </p>
   </div>
   <div class='ocr_carea' id='block_1_41' title="bbox 1205 2748 1762 3006">
    <p class='ocr_par' dir='ltr' id='par_1_83' title="bbox 1205 2748 1710 2871">
     <span class='ocr_line' id='line_1_121' title="bbox 1205 2748 1710 2803; baseline -0.008 -11"><span class='ocrx_word' id='word_1_342' title='bbox 1205 2753 1257 2803; x_wconf 87' lang='grc' dir='ltr'>μή</span> <span class='ocrx_word' id='word_1_343' title='bbox 1281 2769 1326 2792; x_wconf 88' lang='grc' dir='ltr'>σε</span> <span class='ocrx_word' id='word_1_344' title='bbox 1353 2751 1469 2803; x_wconf 88' lang='grc' dir='ltr'>γέρον</span> <span class='ocrx_word' id='word_1_345' title='bbox 1494 2748 1570 2790; x_wconf 83' lang='grc' dir='ltr'>οὐδ’</span> <span class='ocrx_word' id='word_1_346' title='bbox 1595 2749 1710 2789; x_wconf 83' lang='grc' dir='ltr'>αὐτόν</span> 
     </span>
     <span class='ocr_line' id='line_1_122' title="bbox 1211 2817 1565 2871; baseline -0.006 -12"><span class='ocrx_word' id='word_1_347' title='bbox 1211 2822 1311 2871; x_wconf 85' lang='grc' dir='ltr'>ἥρως</span> <span class='ocrx_word' id='word_1_348' title='bbox 1333 2817 1565 2869; x_wconf 85' lang='grc' dir='ltr'>Αὐτομέδων</span> 
     </span>
    </p>

    <p class='ocr_par' dir='ltr' id='par_1_84' title="bbox 1211 2885 1556 2943">
     <span class='ocr_line' id='line_1_123' title="bbox 1211 2885 1556 2943; baseline -0.006 -16"><span class='ocrx_word' id='word_1_349' title='bbox 1211 2886 1327 2943; x_wconf 86' lang='grc' dir='ltr'>ᾕρεον</span> <span class='ocrx_word' id='word_1_350' title='bbox 1347 2885 1556 2937; x_wconf 84' lang='grc' dir='ltr'>Ἑκτορέης</span> 
     </span>
    </p>

    <p class='ocr_par' dir='ltr' id='par_1_85' title="bbox 1215 2951 1762 3006">
     <span class='ocr_line' id='line_1_124' title="bbox 1215 2951 1762 3006; baseline -0.007 -12"><span class='ocrx_word' id='word_1_351' title='bbox 1215 2955 1275 2994; x_wconf 86' lang='grc' dir='ltr'>καὶ</span> <span class='ocrx_word' id='word_1_352' title='bbox 1299 2953 1371 3006; x_wconf 90' lang='grc' dir='ltr'>γάρ</span> <span class='ocrx_word' id='word_1_353' title='bbox 1388 2953 1420 2993; x_wconf 64' lang='grc' dir='ltr'>τ’</span> <span class='ocrx_word' id='word_1_354' title='bbox 1441 2951 1605 3003; x_wconf 79' lang='grc' dir='ltr'>ἠΰκομος</span> <span class='ocrx_word' id='word_1_355' title='bbox 1630 2953 1762 3003; x_wconf 89' lang='grc' dir='ltr'>Νιόβη</span> 
     </span>
    </p>
   </div>
  </div>
 </body>
</html>
