1974 3305
101 651 167 681 20.
189 640 253 680 16.

101 1188 166 1219 21.
214 1185 254 1229 5.

100 1465 167 1495 22.
217 1464 254 1494 2.

190 1601 254 1642 19.

187 1667 254 1709 27.

184 1875 252 1918 32.

100 1945 166 1986 23.
214 1932 254 1971 6.

189 2012 253 2040 11.

190 2067 255 2108 16.

186 2216 254 2247 20.

185 2284 253 2314 22.

182 2354 251 2396 33·

100 2422 167 2461 24.
218 2422 254 2450 1.

186 2489 254 2531 29.

99 2555 166 2598 25.
215 2545 255 2586 6.

190 2624 255 2666 17.

101 2681 255 2724 26.18.

186 2762 253 2806 23.

101 2828 168 2870 27.
218 2831 255 2860 1.

189 2899 254 2937 14.

698 129 921 168 [ΛΙΑΔΟΣ

246 262 254 270 .
287 231 352 271 καί
370 247 412 271 κε
433 247 492 270 τοι
512 230 620 281 ἡμεῖς
641 229 759 270 ταῦτά
780 228 816 281 γ’

247 330 254 338 .
287 297 378 339 ἀλλ’
389 298 480 340 ἕπευ
493 297 585 350 ὄφρ’
599 298 661 338 ἐπὶ
676 298 789 340 ναυσὶ
805 314 894 337 συν-

331 367 460 417 ώμεθα

285 434 370 476 ἐπεὶ
386 435 491 475 οὔτοι
507 434 686 475 ἐεδνωταὶ
709 434 821 473 κακοί
840 433 893 472 εἶ-

327 520 400 554 μεν

246 604 254 613 .
285 572 356 623 τήν
370 571 406 612 τ’
423 572 554 623 οὔρεσι
566 571 743 613 τέκτονες
759 569 894 621 ἄνδρες

285 642 330 691 τῇ
350 641 424 681 ὑπο
446 639 538 693 (sic)
561 642 634 681 πᾶς
657 638 753 688 ἐάλη

245 740 254 749 .
287 710 340 750 εἷς
355 707 492 751 Ἀιδος
519 725 592 759 περ
614 708 721 748 ἰόντα
744 704 892 757 πυλάρ-

327 794 398 818 ΤαΟ

246 877 254 887 .
286 846 395 887 ἀλλὰ
415 845 515 887 θέων
535 846 677 897 περίβη

247 935 256 944 .
288 906 381 954 νῆας
402 904 465 945 ἐπὶ
486 903 694 956 γλαφυρὰς
715 901 883 953 φερέτην

248 1004 256 1012 .
287 970 310 1023 ἢ
334 971 446 1014 αὐτὸς
468 974 660 1022 δουπῆσαι

247 1072 255 1081 .
287 1039 572 1090 ἔνθἈῖο-υήταο
589 1039 815 1091 διοτρεφέος
829 1039 894 1091 φί-

327 1113 402 1148 λον
422 1109 506 1148 υἱόν

285 1177 378 1217 αὖον
398 1177 519 1217 ἄϋσεν

286 1244 310 1295 ἧ
344 1245 418 1297 ἄρα
445 1244 490 1295 δή
517 1261 553 1284 τι
579 1243 760 1295 ἐΐσκομεν
786 1244 893 1295 ἄξιον

329 1313 429 1355 εἶναι
459 1317 562 1365 τρεῖς
594 1312 679 1354 ἑνὸς
710 1313 794 1353 ἀντὶ
825 1330 893 1353 πε-

328 1385 481 1435 φᾶσθαι

285 1451 310 1501 ἥ
341 1451 429 1491 τινά
460 1467 533 1491 που
559 1451 706 1502 Τρώων
738 1451 893 1501 ἑταρίσ-

328 1536 442 1561 σαιτο
463 1520 697 1572 μεγαθύμων

286 1589 502 1641 τηλύγετον
522 1589 573 1630 ὡς

285 1656 483 1709 ὀρθαλμὸν
505 1658 538 1696 δ’
555 1657 628 1706 ἄρα
651 1658 687 1697 οῖ

286 1726 337 1767 ὡς
371 1725 485 1775 μένεν
516 1725 731 1776 Ἰδομενεὺς
771 1728 894 1777 δουρι-

328 1793 466 1836 κλυτὸς
488 1792 564 1834 οὐδ’
583 1795 774 1847 ὑπεχώρει

282 1866 335 1917 τῷ
356 1862 389 1902 δ’
406 1862 467 1902 ἐπὶ
489 1862 594 1916 θυμῷ

287 1932 323 1971 οἶ
343 1929 378 1970 δ’
396 1929 494 1982 ἀμφ’
511 1929 717 1984 Ἀλκαθόῳ

285 1998 442 2040 Αἰνείας
463 1999 505 2038 δὲ
526 2002 677 2049 πρῶτος

283 2064 472 2108 ἐσπάσατ’
511 2064 586 2107 οὐδ’
627 2066 674 2106 άτ
719 2066 807 2119 (sie)
840 2066 892 2107 ἔτ’

329 2136 436 2175 ἄλλα
457 2134 650 2185 δυνήσατο

285 2203 448 2256 τρέσσαι
469 2202 502 2243 δ’
521 2202 651 2243 οὐκέτι
672 2204 798 2255 ῥίμφα

285 2270 364 2312 οὐδ’
382 2272 456 2324 ἄρα
477 2272 536 2312 πώ
557 2288 593 2311 τι
614 2271 786 2312 πέπυστο

282 2340 344 2382 ἐπὶ
365 2341 405 2380 οῗ
422 2339 682 2391 τετραμμένον

286 2409 348 2450 ἐπὶ
369 2407 403 2450 δ’
421 2409 541 2450 ἀσπίς

286 2477 356 2528 τὴν
379 2477 455 2518 ἀπὸ
477 2480 610 2518 πᾶσαν
632 2477 790 2529 ἔκερσεν

287 2546 388 2586 ὥστε
408 2548 561 2588 σκῶλος
582 2547 839 2597 πυρίκαυστος

287 2615 467 2655 ἀνεῖλκεν
487 2628 568 2654 om.

288 2680 484 2733 Ἀτρείδης
506 2684 550 2722 δὲ
572 2681 837 2734 ἐρυσσάμενος

284 2751 406 2804 χαμαὶ
427 2751 551 2792 πέσον

286 2818 334 2870 ἣν
353 2820 420 2870 ἐμὲ
442 2819 685 2871 λωβήσασθε

285 2891 360 2939 πῦρ
392 2887 511 2928 ὀλοὸν
543 2887 718 2938 βαλέειν,
752 2891 895 2928 κτεῖναι

329 2954 362 2996 δ’
378 2956 505 3007 ἥρωας
525 2956 714 3008 Ἀχαιούς

964 126 996 138 —

969 142 992 151 ,-

964 156 1010 167 ι-υο

965 498 1030 540 28.

965 852 1031 892 29.

963 990 1031 1032 30.

963 1264 1030 1305 31.

964 1469 1031 1511 32.

963 2014 1031 2055 33-

967 2355 1035 2397 34·

965 2556 1032 2601 35·

1053 126 1164 178 (14)

1051 237 1114 278 17.

1680 120 1762 160 367

1149 230 1225 267 τῶν
1247 226 1316 277 πέρ
1336 242 1393 268 τις
1415 224 1476 265 καὶ
1503 225 1657 273 μᾶλλον
1677 221 1762 261 ἐέλ-

1193 298 1300 334 δεται
1322 292 1368 343 ἐξ
1382 293 1469 345 ἔρον
1485 291 1583 332 εἶναι
1604 289 1625 340 ἢ
1647 288 1761 329 πολέ-

1191 380 1276 413 μου,
1298 365 1427 413 Τρῶες
1452 362 1493 401 δὲ
1522 359 1648 412 μάχης
1669 358 1761 398 ἀκό-

1193 448 1302 482 ρητοι
1325 431 1437 470 ἔασιν

1110 531 1118 539 .
1151 503 1280 551 τεῖχος
1324 499 1507 549 ἐδέδμητο
1548 494 1760 550 χθαμαλώ-

1193 583 1310 607 Tarov

1110 667 1118 675 .
1151 635 1345 684 Φυλείδης
1365 652 1407 674 τε
1429 633 1565 685 Μέγης

1110 736 1117 744 .
1150 703 1224 756 πρὸ
1248 701 1383 743 Φθίων
1404 704 1446 742 δὲ
1470 701 1613 742 Μέδων
1633 717 1675 741 τε

1111 804 1118 813 .
1150 771 1237 821 ἤτοι
1257 773 1277 812 ὁ
1300 765 1507 822 μὲννόθος
1526 771 1607 811 υἱός

1108 873 1116 880 .
1151 840 1289 891 ἱεμένω
1312 856 1409 880 κατα
1431 842 1538 879 ὣλκα
1559 837 1648 892 (sic)

1109 941 1117 949 .
1151 909 1217 948 καί
1235 925 1276 948 τε
1297 911 1432 949 πολεῖς
1453 906 1608 947 ἐσάωσε

1110 1010 1118 1018 .
1151 977 1174 1028 ἧ
1195 978 1243 1029 ῥα
1275 978 1336 1017 καὶ
1368 974 1522 1028 ὡρμήθη
1544 976 1627 1027 ὄρεϊ
1651 975 1762 1026 νιφό-

1194 1062 1272 1086 ΕνΤι

1110 1147 1117 1154 .
1152 1115 1214 1154 καὶ
1230 1112 1376 1154 Ἀσιον
1396 1113 1587 1164 ‘Tprdxov
1607 1112 1693 1153 υἱόν

1112 1216 1118 1223 .
1153 1187 1228 1223 ποῦ
1250 1200 1308 1223 τοι
1333 1182 1542 1235 Δηΐφοβος

1110 1284 1117 1291 .
1150 1252 1528 1304 οἵχεσθονμακροῖσι
1541 1248 1761 1300 τετυμμένω

1112 1352 1119 1360 .
1153 1319 1321 1369 Φάλκην
1339 1318 1528 1370 Ὀρθαῖόν
1548 1335 1590 1359 τε

1152 1390 1191 1429 οἵ
1208 1388 1242 1440 ῥ’
1261 1389 1300 1438 ἐξ
1324 1387 1533 1438 Ἀσκανίης

1111 1489 1118 1496 .
1153 1458 1268 1508 κυρτὰ
1290 1456 1554 1508 φαληριόεντα
1583 1453 1670 1507 (Sic)

1149 1524 1223 1576 πρὸ
1249 1524 1336 1564 ἕθεν
1357 1522 1387 1563 δ’
1408 1523 1498 1576 ἔχεν
1521 1523 1669 1583 ἀσπίδα

1151 1594 1240 1633 ἀλλ’
1259 1593 1303 1632 οὐ
1325 1593 1465 1644 σύγχει
1487 1593 1608 1642 θυμόν

1110 1695 1117 1702 .
1149 1661 1277 1712 μακρὰ
1298 1661 1511 1711 βιβάσθων

1111 1763 1118 1770 .
1154 1730 1255 1770 Αἶαν
1279 1730 1520 1780 ἁμαρτοεπὲς
1541 1728 1708 1781 βουγάϊε

1258 1901 1304 1940 Ξ.
1356 1899 1467 1951 (14)

1111 2034 1118 2042 .
1153 2001 1244 2054 ἰαχή
1266 2016 1347 2043 om.

1111 2101 1118 2109 .
1153 2069 1337 2122 Νέστορα
1358 2070 1390 2111 δ”
1404 2069 1472 2110 οὐκ
1494 2070 1633 2110 ἔλαθεν
1656 2068 1747 2122 ἰαχή

1112 2170 1119 2178 .
1153 2137 1297 2179 ἔλαθεν

1112 2238 1119 2246 .
1153 2204 1321 2262 θερμήνῃ
1344 2207 1405 2247 καὶ
1425 2208 1552 2262 λούσῃ

1111 2306 1118 2314 .
1152 2274 1271 2326 αὐτὰρ
1295 2275 1396 2327 ἐγὼν
1417 2276 1546 2315 ἐλθών

1115 2375 1122 2382 .
1155 2345 1290 2398 χαλκῷ
1312 2347 1539 2395 παμφαῖνον

1111 2443 1118 2451 .
1152 2413 1225 2461 στῆ
1248 2409 1280 2451 δ’
1300 2411 1410 2454 ἐκτὸς
1432 2413 1585 2462 κλισίης

1113 2511 1120 2519 .
1154 2478 1321 2532 διχθάδι’
1342 2479 1365 2530 ἢ
1386 2480 1474 2530 μεθ’
1491 2480 1633 2531 ὅμιλον

1111 2579 1120 2587 .
1153 2547 1215 2587 ἐπὶ
1237 2548 1457 2599 πρύμνῃσιν
1478 2549 1634 2599 ἔδειμαν

1054 2624 1102 2666 17
1127 2618 1169 2654 eb
1192 2623 1259 2667 25.
1293 2619 1344 2671 τῷ
1366 2615 1405 2668 ῥ’
1428 2615 1501 2668 οἵγ’
1525 2617 1734 2669 ὀψείοντες

1025 2715 1033 2723 .
1056 2695 1120 2723 10.

965 2761 1032 2805 37-

1080 2764 1119 2805 3.

1080 2819 1119 2860 6.

1055 2900 1120 2928 10.

1053 2956 1119 2998 26.

1153 2683 1322 2735 Νέστωρ
1344 2686 1460 2734 πτῆξε
1483 2684 1526 2725 δέ

1151 2749 1173 2802 ᾗ
1195 2753 1257 2792 ἐπι
1279 2751 1367 2804 (sie)
1391 2751 1509 2792 πόλλ’

1152 2819 1238 2860 οἶδα
1259 2822 1301 2860 δὲ
1323 2823 1392 2860 νῦν

1153 2890 1241 2938 νῆες
1262 2889 1353 2928 ὅσαι
1374 2892 1520 2941 πρῶται

1152 2955 1333 3008 οὐλόμεν’
1352 2957 1427 2998 αἵθ’
1445 2957 1597 3010 ὤφελες
