1974 3305
183 137 269 178 374

189 374 279 415 162.
325 387 364 424 4.

356 473 363 481 .
395 444 600 496 παννύχιοι
621 442 855 495 Πάτροκλον

177 1597 266 1638 166.

168 2481 259 2532 169.

167 2558 260 2600 171.

166 2625 259 2668 172.

165 2760 258 2805 173.

779 142 1002 180 ιΛιΑΔοΣ
1041 143 1089 180 Τ.
1132 139 1244 192 (19)

359 271 367 280 .
400 241 472 280 ἵκει
493 254 572 280 om.

397 306 543 357 Τρώων
563 306 593 347 δ’
612 306 655 349 ὃς
677 306 905 348 κτεάτεσσιν

396 375 591 425 στήσομαι
610 375 635 425 ἤ
656 392 697 416 κε
718 375 859 428 φέρῃσι

356 541 364 549 .
395 513 526 562 χεῖρας
548 509 607 552 ἐπ’
626 511 890 563 ἀνδροφόνους

355 607 363 616 .
394 579 517 618 πυκνὰ
529 577 635 629 μάλα
651 579 855 632 στενάχων
872 579 973 620 ὥστε

439 649 500 688 λῖς
519 646 713 699 ἠϋγένειος

393 712 422 767 ᾧ
442 713 490 765 ῥά
512 713 547 754 θ’
562 714 636 755 ὑπὸ
658 716 850 765 σκύμνους

354 813 361 821 .
394 779 423 821 ὦ
445 782 563 822 πόποι
585 782 608 833 ἧ
627 781 666 835 ῥ’
686 783 799 823 ἅλιον

182 850 273 899 164.
321 857 359 900 5.

352 948 359 956 .
392 917 414 968 ἡ
437 916 470 956 δ’
492 917 597 960 αὖτις
618 918 710 970 πρὸς
732 922 838 969 δῶμα

391 850 539 901 χρύσεα
561 848 604 890 δέ
623 849 694 901 σφ’
716 849 790 890 ὑπὸ
812 852 931 891 κύκλα

349 1017 357 1027 .
389 987 425 1025 οἱ
446 985 478 1025 δ’
501 985 586 1036 ἤτοι

349 1085 358 1093 .
389 1053 461 1104 τὴν
483 1055 523 1094 δὲ
546 1055 602 1094 ἴδε
624 1059 880 1106 προμολοῦσα

393 1121 517 1172 καλὴν
538 1122 609 1172 τὴν
630 1123 751 1164 ὤπυιε

348 1221 356 1229 .
388 1189 573 1241 ἡμέτερον
593 1194 645 1231 δῶ

180 1257 270 1311 165.
322 1270 356 1298 1.

390 1259 514 1309 αἰδοίη
547 1275 589 1300 τε
626 1261 726 1311 φίλη
769 1277 810 1301 τε
847 1260 966 1313 πάρος

431 1343 478 1378 γε
497 1328 569 1377 μὲν
591 1328 672 1368 οὔτι
695 1329 866 1378 θαμίζεις

346 1426 354 1435 .
379 1392 586 1446 “Ήφαιστε
612 1396 777 1447 πρόμολ’
799 1398 871 1438 ὧδε

346 1493 354 1501 .
387 1462 504 1505 Θέτις
527 1464 573 1503 νύ
594 1480 629 1503 τι

347 1559 356 1568 .
390 1529 521 1582 πέλωρ
543 1533 677 1582 αἴητον
698 1533 843 1583 ἀνέστη

345 1628 353 1637 .
387 1601 431 1638 δῦ
452 1599 494 1639 δὲ
515 1601 648 1652 χιτῶν’

344 1697 353 1706 .
386 1667 426 1706 αἱ
445 1668 517 1717 μὲν
536 1668 679 1709 ὕπαιθα

389 1735 499 1776 τίπτε
522 1735 619 1776 Θέτι

344 1833 352 1841 .
386 1801 457 1852 τὴν
478 1802 511 1843 δ’
531 1804 709 1855 ἠμείβετ’
731 1805 863 1847 ἔπειτα

345 1901 353 1910 .
385 1873 519 1911 πολλὰ
539 1871 632 1922 μάλ’
655 1873 721 1914 οὐκ
745 1875 939 1916 ἐθέλουσα

174 1936 265 1987 167.
318 1950 353 1978 1.

343 2036 352 2045 .
383 2007 523 2058 κούρην
542 2008 590 2058 ἢν
611 2009 684 2059 ἄρα
706 2012 742 2050 οἱ

387 1942 507 1979 κεῖται
530 1941 586 1980 ε’νὶ
607 1941 789 1994 μεγάροις

342 2104 350 2112 .
385 2075 446 2114 καὶ
469 2075 611 2129 θώρηχ’
633 2076 654 2116 ὃ
674 2079 747 2129 γὰρ
767 2078 813 2129 ἦν
835 2081 870 2118 οἱ

341 2171 350 2181 .
381 2143 515 2193 Τρωσὶ
536 2146 667 2194 δαμείς

340 2241 348 2250 .
382 2209 421 2250 αἲ
442 2211 516 2263 γάρ
535 2228 604 2262 μιν
625 2214 808 2255 θανάτοιο

170 2276 262 2317 168.
313 2290 348 2319 1.

339 2378 348 2386 .
379 2348 569 2399 παντοίην
592 2350 809 2401 εὔπρηστον

379 2278 592 2331 ἀνθρώπων
613 2282 768 2322 πολέων

338 2445 346 2454 .
378 2414 481 2455 ποίει
502 2417 542 2456 δὲ
564 2417 764 2468 πρώτιστα
786 2418 906 2461 σάκος

337 2513 345 2522 .
376 2483 580 2532 Πληϊάδας
601 2484 634 2525 θ’
660 2484 805 2529 ’Ὑάδας
826 2504 869 2528 τε

335 2581 343 2590 .
375 2550 516 2600 ἄρκτον
536 2551 568 2591 θ’
594 2551 641 2603 ἢν
663 2554 723 2593 καὶ
744 2555 896 2605 ἄμαξαν

337 2649 345 2658 .
378 2619 439 2669 οἴη
460 2617 494 2659 δ’
516 2619 686 2672 ἄμμορός
708 2622 793 2662 ἐστι

336 2716 344 2725 .
377 2687 420 2726 ἐν
441 2687 482 2726 δὲ
504 2688 579 2728 δύω
601 2689 742 2739 ποίησε
763 2691 899 2733 πόλεις

337 2785 345 2793 .
379 2753 516 2795 ἐνθάδε
538 2760 662 2799 νεῖκος
683 2758 820 2809 ὀρώρει

166 2828 258 2870 174.
281 2819 344 2860 18.

165 2896 258 2941 175.
310 2900 345 2928 1.

400 2958 412 2970 Ν
488 2958 496 2974 3
525 2960 534 2974 C
574 2960 583 2974 Ι
717 2962 727 2976 Ι

335 2988 342 2996 .
375 2973 442 3008 την
464 2961 483 2998 δ
519 2976 653 3011 ετερην
675 2966 792 3002 πολιν

377 2825 504 2862 τοῖσιν
526 2823 641 2864 ἔπειτ’
662 2824 807 2874 ἤϊσσον

379 2893 480 2930 κεῖτο
503 2890 536 2931 δ’
558 2891 619 2943 ἄρ’
643 2894 686 2933 ἐν
706 2893 896 2943 μέσσοισι

1188 241 1211 279 8

1163 318 1227 361 15.

1158 512 1224 553 28.

1045 655 1138 698 177.
1186 648 1224 687 6.

1186 716 1224 755 8.

1159 795 1222 823 11.

1159 851 1207 891 18

1155 931 1221 960 20.

1155 987 1221 1028 26.

1042 1055 1132 1107 178.
1180 1067 1219 1105 4.

1155 1135 1218 1163 11.

1152 1200 1219 1241 27.

1152 1270 1217 1311 29.

1150 1338 1218 1379 31.

1040 1402 1130 1447 179.
1178 1394 1216 1434 6.

1152 1474 1216 1504 12.

1145 1543 1214 1583 31·

1037 1596 1130 1636 180.
1149 1610 1216 1650 29.

1037 1664 1129 1705 181.
1179 1662 1217 1705 8.

1034 1946 1212 1986 181.18.

1033 2149 1126 2190 182.
1176 2162 1212 2191 2.

1201 2250 1209 2258 .
1244 2221 1491 2272 Μυρμιδόνας
1513 2223 1547 2263 δ’
1569 2223 1645 2275 ἄρα

1026 2910 1040 2937 1
1052 2898 1118 2949 84.

1218 274 1224 281 .
1259 240 1302 281 δέ
1324 247 1420 294 σφιν
1441 256 1514 294 pro
1537 241 1578 282 δέ
1599 248 1740 294 σφισιν

1260 313 1391 363 τεῖχος
1429 310 1499 360 μέν
1535 310 1569 361 ῥῆ
1610 309 1756 362 ἄλοχοί
1791 323 1832 347 τε

1302 379 1417 429 φίλαι
1459 378 1520 418 καὶ
1562 377 1677 428 νήπια
1718 376 1833 417 τέκνα

1298 444 1399 496 ῥύετ’
1420 443 1624 497 ἐφεσταωῗ

1258 514 1377 565 ἀμφὶς
1427 514 1609 565 ἀριζήλω,
1659 512 1748 553 λαοὶ
1798 508 1831 549 δ’

1298 582 1523 630 ὑπολίζονες
1553 581 1655 632 ἦσαν

1257 648 1400 688 τέλσον
1422 650 1575 689 ἱκέσθαι

1257 716 1279 766 ἡ
1298 717 1340 756 δὲ
1360 715 1559 767 μελαίνετ’
1582 718 1745 757 ὄπισθεν

1256 785 1298 824 ἐν
1319 783 1352 824 δ’
1375 785 1490 825 ἐτίθει
1511 784 1667 834 τέμενος

1213 883 1221 891 .
1251 852 1442 901 βασιλεὺς
1463 851 1493 892 δ’
1516 853 1558 893 ἐν
1579 856 1683 892 τοῖσι
1705 853 1830 906 σιωπῇ

1254 923 1411 960 δεῖπνον
1432 921 1595 972 ἐρίθοισι

1253 988 1381 1028 ἀταλὰ
1403 988 1636 1040 φρονέοντες

1255 1056 1407 1107 ἱμερόεν
1429 1055 1596 1107 κιθάριζε

1251 1125 1330 1174 πὰρ
1352 1124 1528 1174 ποταμὸν
1551 1123 1762 1165 κελάδοντα

1254 1190 1404 1240 ἕλκετο,
1427 1191 1495 1232 τὸν
1515 1193 1556 1231 δὲ
1579 1192 1685 1234 κύνες

1251 1258 1395 1310 ἔγκατα
1416 1259 1478 1299 καὶ
1499 1259 1622 1309 μέλαν
1643 1261 1737 1311 αἷμα

1252 1327 1374 1369 αὔτως
1395 1327 1574 1368 ἐνδίεσαν

1250 1395 1445 1445 σταθμούς
1467 1412 1509 1435 τε
1532 1397 1685 1439 κλισίας
1709 1413 1750 1436 τε

1251 1463 1292 1503 ἐν
1313 1464 1355 1503 δὲ
1377 1463 1497 1516 χορὸν
1517 1464 1698 1505 ποίκιλλε

1246 1533 1298 1585 τῷ
1320 1532 1452 1572 ἴκελον

1248 1603 1325 1640 τῶν
1350 1599 1385 1639 δ’
1408 1601 1499 1650 ἐμὲν
1520 1603 1664 1642 λεπτὰς
1686 1601 1825 1641 ὀθόνας

1249 1667 1272 1717 ἡ
1294 1665 1327 1707 δ’
1348 1666 1428 1719 ι”ριξ
1446 1667 1535 1720 (sie)

1318 1850 1362 1888 T.
1425 1850 1541 1901 (19)

1246 1947 1331 1998 εὗρε
1354 1950 1396 1988 δὲ
1415 1952 1634 2005 Πατρόκλῳ
1657 1954 1821 2003 περικεί-

1285 2032 1406 2066 μενον

1204 2114 1212 2121 .
1247 2085 1431 2125 κλαίοντα
1451 2087 1593 2139 λιγέως

1245 2152 1338 2203 τύνη
1361 2151 1394 2192 δ’
1415 2152 1656 2206 Ἡφαίστοιο
1678 2156 1782 2209 πάρα

1203 2318 1210 2327 .
1243 2287 1361 2339 ἄντην
1382 2291 1562 2331 εἰσιδέειν

1202 2386 1210 2394 .
1243 2356 1284 2395 ἐκ
1306 2355 1338 2395 δ’
1361 2359 1456 2398 αἰὼν
1477 2360 1648 2411 πέφαται

1200 2451 1209 2460 .
1242 2423 1348 2465 ἀλλὰ
1369 2427 1420 2465 σύ
1440 2426 1475 2478 γ’
1500 2429 1553 2469 εἷς
1573 2429 1719 2480 ἀγορῆν

1199 2522 1207 2530 .
1242 2493 1307 2531 καί
1323 2491 1356 2543 ῥ’
1379 2494 1488 2545 οἵπερ
1509 2495 1553 2534 τὸ
1574 2495 1696 2548 πάρος
1716 2515 1761 2550 γε

1028 2557 1121 2611 183.
1168 2571 1208 2608 4.

1243 2559 1302 2599 καὶ
1322 2561 1398 2611 μὴν
1419 2563 1455 2601 οἱ
1475 2564 1563 2604 τότε
1584 2563 1622 2616 γ’

1199 2659 1206 2667 .
1240 2627 1358 2680 αὐτὰρ
1381 2631 1400 2669 ὁ
1423 2631 1603 2674 δεύτατος

1198 2726 1206 2735 .
1238 2695 1416 2749 Ἀτρείδη
1436 2699 1460 2749 ἧ
1483 2699 1530 2751 ἄρ
1551 2717 1587 2740 τι

1198 2795 1206 2803 .
1232 2762 1393 2817 ’Έκτορι
1412 2767 1485 2816 μὲν
1506 2767 1568 2807 καὶ
1587 2770 1721 2820 Τρωσὶ
1742 2771 1788 2811 τό

1196 2864 1203 2871 .
1240 2833 1281 2872 αἵ
1299 2832 1334 2873 κ’
1356 2833 1521 2874 ἐθέλωσ’

1240 2901 1426 2944 ἑσταότος
1440 2905 1511 2954 μὲν
1526 2905 1648 2945 καλὸν
1661 2905 1815 2947 ἀκούειν

1195 2999 1202 3006 .
1238 2969 1383 3020 ἀνδρῶν
1405 2969 1437 3010 δ’
1460 2973 1500 3012 ἐν
1521 2975 1656 3027 πολλῷ
