1974 3305
644 129 868 167 ιΛιΑΔοΣ
910 130 960 167 Ν.
1009 128 1117 181 (13)
1569 120 1651 161 335

177 235 275 279 455.
308 225 499 284 δικλίδας]
533 228 708 278 διθύρους
883 227 1019 285 ὀχῆες]
1054 230 1091 269 οἱ
1111 228 1262 281 μοχλοί

175 295 274 347 456.
305 293 536 352 ἐπημοιβοί]
569 293 627 336 ἐπ’
651 295 849 346 ἀλλήλους
871 298 1084 348 φερόμενοι
1223 291 1424 350 ἐπαρήρει]
1458 291 1632 334 ἐπέκειτο

176 362 274 414 458.
306 361 593 420 ἀφαυρότερον]
628 363 788 406 ἀσθενές
957 374 1057 417 459.
1091 361 1265 420 θαιρούς]
1300 361 1388 404 τοὺς
1409 361 1652 413 στρόφιγγας

175 430 274 481 460.
304 428 540 487 βριθοσύνῃ]
573 431 624 485 τῷ
645 431 762 483 βάρει
935 433 1034 482 461.
1067 429 1293 487 διέτμαγεν]
1328 430 1614 483 διεσχίσθησαν

175 498 274 548 462.
305 501 401 542 λᾶος
420 498 496 540 ὑπὸ
516 497 646 555 ῥιπῆς]
679 499 754 540 ὑπὸ
776 502 842 550 τῆς
861 501 975 541 λίθου
999 502 1122 552 φορᾶς
1671 500 1694 537 5

174 566 274 621 463.
305 565 481 624 ὑπώπια]
514 567 584 618 τὴν
605 568 808 620 πρόσοψιν

175 633 274 686 464.
306 633 440 692 ἕεστο]
473 635 669 688 ἠμφίεστο
843 635 939 688 467.
972 633 1219 691 ἑλιξάμενος]
1253 634 1508 686 ἐπιστραφείς

175 712 274 755 470.
306 701 515 760 ἐσέχυντο]
550 705 734 755 εἰσῆλθον
910 703 1133 761 ἐφόβηθεν]
1169 706 1222 746 εἷς
1245 705 1376 756 φυγὴν
1402 703 1624 752 ἐτράπησαν

175 779 274 822 471.
305 770 531 828 γλαφυράς]
566 773 742 813 στικτέον
917 771 1124 829 ἀλίαστος]
1160 772 1448 823 ἀμετάτρεπτος

761 939 812 976 Ν.
874 937 888 987 (
914 937 966 976 13
991 938 1003 989 )
1679 929 1726 954 ¹0

177 1040 245 1084 59.
278 1031 500 1089 σκηπανίῳ]
536 1032 716 1087 σκήπτρῳ

176 1112 244 1154 90.
273 1099 570 1158 μετεισάμενος]
604 1102 816 1152 μετελθὼν,
841 1102 1158 1154 παραγενόμενος

179 1168 272 1219 146.
305 1168 580 1225 ἐγχριμφθείς]
616 1171 810 1222 ἐνερείσας
989 1180 1087 1224 159.
1114 1166 1335 1225 τιτύσκετο]
1367 1167 1604 1220 ἐστοχάζετο

179 1235 273 1278 186.
309 1235 565 1294 νισσόμενον]
601 1239 910 1290 παραγινόμενον

176 1315 273 1358 207.
305 1305 480 1363 υἱωνοῖο]
515 1309 583 1346 τοῦ
606 1305 860 1361 Ἀμφιμάχου
1681 1309 1726 1347 ¹5

176 1387 272 1417 211.
306 1374 397 1428 παρ’
420 1374 593 1432 ἑταίρου]
627 1379 694 1416 τοῦ
716 1377 932 1430 Μαχάονος

177 1454 272 1498 237.
305 1442 529 1500 συμφερτή]
565 1445 649 1485 ἀντὶ
670 1447 739 1485 τοῦ
761 1446 802 1485 ἐκ.
824 1444 999 1495 πλήθους

176 1521 271 1565 252.
304 1511 508 1570 ἀγγελίης]
541 1514 671 1553 λείπει
696 1513 812 1566 χάριν
995 1523 1091 1568 315.
1125 1511 1239 1569 ἄδην]
1275 1513 1330 1555 εἰς
1354 1512 1468 1561 κόρου

177 1580 273 1635 326.
306 1580 374 1634 ἔχε
395 1579 583 1637 στρατοῦ]
617 1582 700 1621 ἀντὶ
722 1585 789 1621 τοῦ
810 1582 907 1634 ἡγοῦ
1085 1594 1182 1635 340.
1215 1578 1398 1636 ἄμερδεν]
1431 1560 1602 1631 ἠμαύρόυ

174 1649 272 1699 416.
303 1646 478 1705 πομπόν]
512 1651 794 1701 συνοδοιπόρον
971 1649 1072 1699 460.
1106 1646 1307 1704 ἐπεμήνιε]
1343 1648 1524 1700 ὠργίζετο
1679 1651 1728 1676 20

174 1728 274 1773 473.
305 1715 496 1774 οἰοπόλῳ]
531 1717 654 1772 ἐρήμῳ
828 1727 926 1769 475.
960 1716 1199 1773 ἀλέξασθαι]
1228 1720 1357 1767 διῶξαι

174 1786 273 1837 481.
307 1789 374 1827 καί
391 1784 451 1842 μ’]
487 1786 552 1827 καί
573 1803 639 1837 μοι
814 1786 909 1837 508.
943 1784 1124 1842 ἀγοστῷ]
1159 1786 1303 1838 ἀγκῶνι

177 1863 274 1907 514.
305 1852 492 1912 ἀμύνετο]
527 1855 613 1895 ἀντὶ
634 1858 701 1895 τοῦ
721 1854 888 1905 ἠμύνετο

175 1932 273 1976 521.
297 1921 506 1979 βριήπυος]
540 1922 831 1975 μεγαλόφωνος

177 2000 273 2044 527.
308 1988 484 2047 πήληκα]
518 1992 830 2042 περικεφαλαίαν
1678 1989 1726 2027 25

177 2069 275 2115 543.
309 2057 455 2115 ἑάφθη]
489 2059 666 2111 ἐκάμφθη
687 2058 710 2109 ἢ
734 2060 1057 2110 ἐπηκολούθησεν

177 2128 275 2181 561.
309 2125 464 2184 χαλκῷ]
493 2129 603 2178 δουρί
774 2128 871 2180 569.
906 2125 1128 2183 ἀλεγεινός]
1166 2130 1234 2168 νῦν
1256 2127 1400 2178 καίριος

177 2195 275 2249 584.
309 2193 543 2252 ὁμαρτήτην]
577 2197 673 2245 ὁμοῦ
697 2198 891 2246 συνῆλθον

177 2264 275 2318 587.
307 2264 383 2305 ἀπὸ
406 2265 440 2304 δ’
456 2261 617 2319 ἔπτατο]
651 2264 885 2315 ἀπεκρούετο

179 2333 277 2374 600.
310 2331 398 2389 ἔχε]
433 2332 551 2384 ἔφερε
573 2332 624 2386 τῷ
647 2331 830 2384 Ἀγήνορι
1005 2331 1101 2383 657.
1135 2329 1270 2386 ποινή]
1305 2331 1352 2370 τὰ
1377 2330 1577 2381 ὑποφόνια
1676 2332 1727 2368 30

179 2400 278 2454 678.
309 2401 424 2443 αὐτὸς
445 2398 607 2456 ἄμυνεν]
640 2405 685 2456 τῇ
708 2401 830 2455 οἰκείᾳ
852 2400 1011 2450 δυνάμει

179 2468 278 2522 679.
309 2466 352 2525 ᾗ]
385 2469 471 2509 ἀντὶ
491 2471 560 2508 τοῦ
582 2469 680 2509 ὅπου
855 2466 952 2519 685.
987 2465 1154 2523 Ἰάονες]
1188 2466 1394 2516 Ἀθηναῖοι

181 2546 278 2592 703.
309 2538 351 2577 ἐν
371 2537 449 2591 νηῷ
472 2534 583 2592 (510)]
616 2535 896 2591 ἠροτριασμέι·ῃ
918 2536 966 2591 γῇ
1114 2533 1269 2591 οἴνοπε]
1302 2534 1482 2587 μέλαιναι

181 2605 278 2658 726.
309 2602 608 2661 παραρρητοῖσι]
643 2605 885 2655 συμβούλοις

181 2672 278 2727 809.
309 2670 540 2729 βιβάσθων]
573 2674 789 2723 διαβαίνων
967 2672 1061 2714 810.
1094 2670 1174 2729 τίη]
1209 2674 1248 2713 τί
1268 2672 1312 2722 δή
1677 2669 1726 2708 55

182 2739 279 2794 815.
309 2739 404 2797 ὑμή]
437 2741 599 2792 ὑμετέρη
1256 2766 1274 2786 ξ

185 2808 280 2862 817.
313 2810 459 2849 ὁππότε
479 2806 659 2865 φεύγων]
689 2811 802 2850 τοῦτό
828 2816 950 2862 φησιν
973 2811 1066 2861 ὅπερ
1088 2809 1223 2860 ἐπάγει
1280 2796 1284 2799 Ὗ
1324 2796 1353 2822 ⁴

186 2876 282 2931 830.
316 2875 436 2933 χρόα]
470 2894 532 2927 ση.
556 2877 598 2929 (i.
618 2891 652 2918 e.
675 2878 907 2930 σημείωσαι)
931 2878 1000 2918 τὸν
1023 2879 1122 2930 χρόα
