1974 3305
248 262 314 302 29.

136 316 228 357 108.
279 331 313 359 L

275 463 314 505 5.

275 534 314 575 9.

250 665 313 708 15.

249 734 313 775 17.

730 147 954 187 ΙΛΙΑΔΟΣ
996 147 1037 184 Ρ.
1080 145 1191 197 (17)

348 251 507 301 αἵματος
528 250 730 302 ὀφθαλμοί

347 320 397 361 ὡς
424 320 466 359 δὲ
492 320 602 359 λύκοι
633 319 819 370 ἄρνεσσιν
840 316 925 357 ἐπέ-

387 403 513 440 χραον

345 455 442 494 ὑπὲκ
461 453 597 505 μήλων

346 520 529 572 ποιμένος
546 522 758 577 ἀφραδίῃσι
775 521 926 572 διέτμα-

391 606 459 641 γεν

346 656 501 697 σκεπετ’
517 656 605 710 (sie)
631 659 776 698 ὀϊστῶν

347 724 397 766 ὡς
420 723 453 764 δ’
469 724 524 765 ὅτ’
544 724 608 766 ἀπ’
625 725 841 776 Οὐλύμπου

246 802 299 845 25
321 798 363 834 et
385 807 452 849 30.
486 796 635 847 αἰθέρος
656 797 697 836 ἐκ
720 796 802 846 δίης

133 874 227 917 109.
275 872 314 916 5.

248 943 313 972 2L

247 997 314 1040 28.

247 1078 313 1120 32.

251 1147 315 1174 10.

250 1211 314 1253 17.

136 1147 228 1173 110.

247 1349 312 1391 23.

248 1417 313 1457 29.

135 1485 226 1513 111.
279 1486 314 1513 1.

251 1552 313 1592 19.

136 1688 228 1717 112.
281 1689 315 1716 1.

277 1821 315 1862 7.

251 1959 313 1988 12.

251 2014 315 2054 16.

249 2094 315 2132 24.

249 2233 316 2275 31.

138 2301 230 2344 113.
277 2302 318 2338 4.

252 2369 316 2406 14.

250 2437 315 2466 20.

138 2572 317 2615 114.23.

137 2637 231 2680 115.
281 2637 318 2679 7.

254 2707 318 2736 12.

253 2774 318 2811 24.

141 2897 322 2937 116.10.

346 863 507 915 πρηνέες
529 864 568 914 ἐξ
590 863 716 916 ὀχέων

347 929 393 980 ἐξ
411 932 530 983 ὀρέων
552 933 613 972 ἐπι
636 948 705 983 καρ
730 931 818 985 (sie)

347 999 526 1051 δεύτερον
548 1000 727 1051 ὁρμηθείς

346 1066 443 1116 ἧστο
464 1067 573 1109 ἀλεὶς
593 1068 634 1107 ἐκ
656 1069 732 1119 γὰρ
751 1067 882 1118 πλήγη

348 1135 389 1175 ἐκ
410 1135 569 1174 πόντοιο
592 1135 728 1186 θύραζε
750 1136 846 1189 λίνῳ

349 1203 385 1241 οἱ
426 1200 456 1242 δ’
492 1200 583 1241 ὥστ’
618 1203 788 1253 αἰγυπιοὶ
829 1219 927 1254 γαμ-

389 1269 576 1322 ψώνυχες

339 1334 472 1388 ’Ἥρην
494 1338 534 1376 δὲ
558 1336 791 1388 προσέειπεν

346 1404 370 1456 ἤ
389 1421 455 1455 μιν
476 1404 576 1453 ζωὸν
597 1406 713 1446 ἐόντα
735 1406 778 1446 τὸ
799 1405 870 1456 μέν

347 1473 434 1514 ὅνδε
459 1473 579 1524 δόμον
600 1472 643 1512 δέ

347 1540 541 1594 ὁρμηθεὶς]
592 1540 783 1591 ὁρμηθεὶς,
827 1542 846 1580 ὁ
887 1542 927 1580 δὲ

391 1607 581 1658 Πήδασον

348 1674 417 1726 τήν
437 1674 469 1714 τ’
488 1676 643 1728 οὔρεσιν
673 1675 765 1726 (sie)
795 1677 926 1716 τέκτο-

388 1760 451 1785 νες

348 1814 500 1851 Γλαῦκε
545 1812 669 1852 πέπον
711 1814 928 1862 πολεμιστὰ

390 1879 469 1929 μετ’
493 1879 654 1931 ἀνδράσι

346 1946 471 2002 πάντῃ
494 1949 750 2000 ἐποιχόμενος

350 2015 442 2065 ἐμεῦ
462 2014 550 2066 πέρι
570 2014 720 2066 μάρναο

347 2082 458 2123 τέλος
510 2082 692 2123 θανάτοιο
750 2081 927 2136 κάλυψεν

387 2150 616 2201 ὀφθαλμοὺς
637 2150 745 2202 ῥῖνάς
767 2150 799 2190 θ’

351 2220 524 2271 ἱεμένους
546 2219 766 2272 φοβέεσθαι

351 2288 405 2331 εἷς
425 2287 448 2338 ἢ
471 2288 528 2328 ἐνὶ
548 2288 668 2342 Τροίῃ

350 2357 564 2409 Σαρπηδὼν
587 2354 683 2397 Διὸς
702 2355 783 2396 υἱός

348 2427 524 2465 Γλαῦκος
561 2423 591 2463 δ’
620 2423 718 2474 ἔγνω
752 2419 841 2476 ᾗσιν
874 2422 929 2461 ἐνὶ

391 2492 514 2544 φρεσί

351 2559 393 2601 ὃς
413 2562 563 2611 πρῶτος
586 2557 757 2606 ἐσήλατο

352 2626 579 2678 Σαρπηδὼν,
603 2623 692 2664 ἀλλ’
714 2625 749 2664 εἴ
766 2640 832 2674 μιν

352 2694 468 2734 αὐτοῦ
490 2692 739 2744 ἀμυνομένων

351 2760 563 2803 Χάλκωνος
599 2760 720 2812 φίλον
758 2758 851 2807 υἱὸν,
890 2758 932 2799 ὃς

390 2827 557 2868 Ἑλλάδι

356 2896 471 2948 ἔγχος
493 2896 584 2945 ἐμόν

1117 255 1179 298 15·

1114 382 1181 424 28.

1002 526 1181 572 117.23.

1115 597 1181 637 29.

1002 721 1182 762 118.10.

1117 801 1180 831 12.

1115 870 1180 911 23.

1003 926 1180 977 119.16.

1113 1073 1180 1115 32.

1002 1209 1093 1237 121.
1141 1205 1180 1248 5.

1116 1332 1180 1372 16.

1117 1412 1181 1451 19.

1115 1480 1180 1521 23.

1003 1547 1181 1585 122.24.

1002 1750 1181 1792 123.13.

1115 1805 1180 1847 28.

1002 1886 1181 1924 124.12.

1113 1955 1179 1996 31.

1002 2144 1181 2197 125.18.

1115 2222 1180 2263 27.

1004 2348 1095 2389 126.
1148 2360 1182 2387 1.

1118 2563 1182 2603 19.

1117 2631 1183 2673 23.

1118 2687 1184 2727 26.

1119 2767 1184 2806 29.

1006 2832 1098 2873 127.
1146 2831 1184 2872 5.

1148 2902 1186 2941 9.

1122 2969 1187 2997 20.

908 3025 1027 3068 Bb2

1710 146 1791 187 371

1213 249 1290 287 τῶν
1311 246 1341 287 δ’
1364 247 1465 288 ὥστε
1497 247 1696 298 δρυτόμων
1724 248 1792 289 ἆν-

1255 318 1356 367 δρῶν

1214 383 1264 425 ὣς
1285 387 1361 424 τῶν
1381 383 1525 435 ὤρνυτο
1554 385 1695 424 δοῦπος
1716 382 1793 424 ἀπὸ

1255 451 1398 504 χθονὸς
1420 450 1634 503 εὐρυοδείης

1216 518 1277 558 καὶ
1297 519 1375 558 τότ’
1391 517 1630 559 Ἀπόλλωνα

1214 586 1339 626 ἐλθὼν
1372 588 1413 626 ἐκ
1446 585 1603 637 βελέων
1635 589 1792 638 Σαρπη-

1255 654 1350 694 δόνα

1216 722 1448 774 κασίγνητοί
1464 739 1505 762 τε
1527 722 1610 762 ἔται
1630 738 1672 761 τε

1212 791 1266 839 βῆ
1287 790 1329 830 δὲ
1351 788 1434 830 κατ’
1450 788 1604 830 Ἰδαίων

1214 859 1250 898 οῖ
1265 856 1299 897 δ’
1316 858 1434 898 ἄλλοι
1450 858 1603 910 φύγαδε
1617 857 1791 908 μνώοντο

1213 925 1539 977 αὐτοκασίγνητος
1558 924 1734 976 Ἑκάβης

1172 1026 1179 1033 .
1213 994 1383 1036 πολλοὺς
1408 993 1457 1034 ἂν
1478 993 1674 1045 κορέσειεν
1695 992 1791 1045 ἀνήρ

1213 1061 1304 1112 νηὸς
1348 1061 1611 1113 ἀποθρώσκων
1651 1063 1684 1102 εἶ
1730 1062 1791 1101 καὶ
1832 1066 1835 1069 “

1254 1127 1532 1181 δυσπέμφελος

1214 1197 1326 1247 ὤμων
1346 1197 1546 1249 μεσσηγύς

1171 1296 1179 1304 .
1213 1264 1275 1304 καὶ
1296 1266 1369 1317 γὰρ
1391 1264 1436 1315 δή
1457 1281 1551 1306 ποτε
1573 1268 1704 1317 φῶτας

1213 1333 1255 1374 ὅς
1275 1349 1334 1373 τοι
1360 1336 1506 1383 πρῶτος
1527 1333 1649 1385 ἐφῆκε
1669 1330 1792 1383 βέλος

1213 1400 1407 1451 δούπησεν
1428 1401 1469 1441 δὲ
1490 1400 1624 1441 πεσών

1214 1468 1263 1510 ὡς
1284 1468 1429 1510 πολέας
1449 1468 1648 1521 πέφνοντα

1214 1535 1329 1589 χερσὶ
1350 1536 1503 1587 δαμέντ’
1519 1534 1707 1588 Ἀχιλῆος

1299 1652 1337 1688 P.
1382 1648 1493 1700 (17)

1213 1739 1395 1790 Τρώεσσι
1417 1739 1548 1789 δαμείς

1213 1806 1455 1857 πρωτοτόκος
1477 1806 1608 1856 κινυρή

1215 1873 1449 1925 Πάτροκλον
1468 1873 1572 1925 βάλε
1595 1874 1704 1925 δουρί

1213 1942 1319 1982 ἀλλά
1365 1940 1400 1981 σ’
1439 1941 1552 1995 ἔγωγ’
1591 1941 1790 1994 ἀναχωρή-

1252 2026 1377 2050 σαντα
1404 2010 1548 2051 κελεύω
1579 2011 1618 2052 ἐς
1642 2009 1792 2061 πληθὺν

1256 2076 1351 2117 ἰέναι

1215 2144 1357 2196 ἀρητὸν
1379 2146 1420 2185 δὲ
1441 2148 1599 2185 τοκεῦσι

1212 2211 1236 2262 ἦ
1269 2213 1335 2251 καί
1365 2218 1465 2264 σφιν
1496 2215 1661 2253 δειλοῖσι
1697 2214 1791 2265 γόου

1257 2280 1318 2320 καὶ
1338 2281 1386 2319 τὰ
1409 2279 1497 2330 ἑῇς

1217 2347 1278 2387 καὶ
1305 2348 1487 2399 Φρόντιδι
1515 2348 1598 2398 δίῃε
1637 2348 1687 2390 ὡς
1708 2346 1789 2387 ’'H-

1256 2418 1392 2454 λιδι-

1436 2481 1445 2496 9
1491 2482 1501 2496 Ί
1551 2484 1564 2497 N
1613 2482 1628 2499 ’V

1214 2551 1275 2603 ἂψ
1297 2549 1326 2591 δ’
1346 2549 1649 2604 ἀναχαζομένοιο

1217 2618 1312 2668 νύξ’,
1335 2618 1398 2659 ἐπὶ
1418 2616 1451 2657 δ’
1469 2617 1583 2659 αὐτός

1215 2687 1355 2740 βαρείῃ
1376 2685 1477 2738 χειρὶ
1498 2685 1665 2736 πιθήσας

1218 2753 1374 2804 ἀντικρὺ
1394 2752 1425 2792 δ’
1442 2754 1611 2793 ἁπαλοῖο

1217 2821 1353 2872 αἵματί
1372 2822 1408 2860 οἱ
1429 2820 1586 2860 δεύοντο

1220 2888 1398 2941 πλοχμοί
1415 2887 1449 2927 θ’

1221 2955 1494 3007 ἇναβέβρυχεν
1515 2955 1613 3006 ὕδωρ
