<?xml version="1.0" encoding="UTF-8"?>
<!DOCTYPE html PUBLIC "-//W3C//DTD XHTML 1.0 Transitional//EN"
    "http://www.w3.org/TR/xhtml1/DTD/xhtml1-transitional.dtd">
<html xmlns="http://www.w3.org/1999/xhtml" xml:lang="en" lang="en">
 <head>
  <title>
</title>
<meta http-equiv="Content-Type" content="text/html;charset=utf-8" />
  <meta name='ocr-system' content='tesseract 3.04.00' />
  <meta name='ocr-capabilities' content='ocr_page ocr_carea ocr_par ocr_line ocrx_word'/>
</head>
<body>
  <div class='ocr_page' id='page_1' title='image "./scholiagraecainh02homeuoft_0368.png"; bbox 0 0 1974 3305; ppageno 0'>
   <div class='ocr_carea' id='block_1_1' title="bbox 188 140 272 181">
    <p class='ocr_par' dir='ltr' id='par_1_1' title="bbox 188 140 272 181">
     <span class='ocr_line' id='line_1_1' title="bbox 188 140 272 181; baseline -0.012 0"><span class='ocrx_word' id='word_1_1' title='bbox 188 140 272 181; x_wconf 83' lang='lat'>362</span> 
     </span>
    </p>
   </div>
   <div class='ocr_carea' id='block_1_2' title="bbox 192 252 376 621">
    <p class='ocr_par' dir='ltr' id='par_1_2' title="bbox 192 252 376 621">
     <span class='ocr_line' id='line_1_2' title="bbox 308 252 375 292; baseline -0.015 -11"><span class='ocrx_word' id='word_1_2' title='bbox 308 252 375 292; x_wconf 85' lang='lat'>29.</span> 
     </span>
     <span class='ocr_line' id='line_1_3' title="bbox 193 307 375 364; baseline -0.016 0"><span class='ocrx_word' id='word_1_3' title='bbox 193 318 289 364; x_wconf 82' lang='lat'><em>375-</em></span> <span class='ocrx_word' id='word_1_4' title='bbox 337 307 375 347; x_wconf 88' lang='lat'>6-</span> 
     </span>
     <span class='ocr_line' id='line_1_4' title="bbox 311 389 375 429; baseline -0.016 -13"><span class='ocrx_word' id='word_1_5' title='bbox 311 389 375 429; x_wconf 85' lang='lat'>13.</span> 
     </span>
     <span class='ocr_line' id='line_1_5' title="bbox 308 457 374 497; baseline -0.015 -12"><span class='ocrx_word' id='word_1_6' title='bbox 308 457 374 497; x_wconf 85' lang='lat'>29.</span> 
     </span>
     <span class='ocr_line' id='line_1_6' title="bbox 192 511 376 569; baseline -0.011 -16"><span class='ocrx_word' id='word_1_7' title='bbox 192 513 288 569; x_wconf 85' lang='lat'><em>376.</em></span> <span class='ocrx_word' id='word_1_8' title='bbox 338 511 376 552; x_wconf 89' lang='lat'>8.</span> 
     </span>
     <span class='ocr_line' id='line_1_7' title="bbox 310 594 373 621; baseline 0 0"><span class='ocrx_word' id='word_1_9' title='bbox 310 594 373 621; x_wconf 94' lang='grc' dir='ltr'>ΙΙ.</span> 
     </span>
    </p>
   </div>
   <div class='ocr_carea' id='block_1_3' title="bbox 191 730 374 842">
    <p class='ocr_par' dir='ltr' id='par_1_3' title="bbox 191 730 374 842">
     <span class='ocr_line' id='line_1_8' title="bbox 309 730 374 759; baseline -0.031 0"><span class='ocrx_word' id='word_1_10' title='bbox 309 730 374 759; x_wconf 84' lang='lat'>20.</span> 
     </span>
     <span class='ocr_line' id='line_1_9' title="bbox 191 797 374 842; baseline -0.011 -15"><span class='ocrx_word' id='word_1_11' title='bbox 191 797 287 842; x_wconf 72' lang='lat'><em>377.</em></span> <span class='ocrx_word' id='word_1_12' title='bbox 339 799 374 826; x_wconf 93' lang='grc' dir='ltr'>Ι.</span> 
     </span>
    </p>
   </div>
   <div class='ocr_carea' id='block_1_4' title="bbox 335 934 374 973">
    <p class='ocr_par' dir='ltr' id='par_1_4' title="bbox 335 934 374 973">
     <span class='ocr_line' id='line_1_10' title="bbox 335 934 374 973; baseline 0 0"><span class='ocrx_word' id='word_1_13' title='bbox 335 934 374 973; x_wconf 88' lang='lat'>5-</span> 
     </span>
    </p>
   </div>
   <div class='ocr_carea' id='block_1_5' title="bbox 191 1130 673 1248">
    <p class='ocr_par' dir='ltr' id='par_1_5' title="bbox 191 1130 673 1248">
     <span class='ocr_line' id='line_1_11' title="bbox 191 1130 374 1186; baseline 0 -16"><span class='ocrx_word' id='word_1_14' title='bbox 191 1130 287 1186; x_wconf 87' lang='grc'><strong>378.</strong></span> <span class='ocrx_word' id='word_1_15' title='bbox 339 1143 374 1170; x_wconf 91' lang='lat'>1.</span> 
     </span>
     <span class='ocr_line' id='line_1_12' title="bbox 366 1196 673 1248; baseline -0.01 -9"><span class='ocrx_word' id='word_1_16' title='bbox 366 1230 374 1239; x_wconf 87' lang='lat'><strong>.</strong></span> <span class='ocrx_word' id='word_1_17' title='bbox 408 1197 512 1248; x_wconf 84' lang='grc' dir='ltr'>δουρὶ</span> <span class='ocrx_word' id='word_1_18' title='bbox 532 1196 673 1247; x_wconf 85' lang='grc' dir='ltr'>βαλών</span> 
     </span>
    </p>
   </div>
   <div class='ocr_carea' id='block_1_6' title="bbox 190 1278 368 1323">
    <p class='ocr_par' dir='ltr' id='par_1_6' title="bbox 190 1278 368 1323">
     <span class='ocr_line' id='line_1_13' title="bbox 190 1278 368 1323; baseline -0.011 -15"><span class='ocrx_word' id='word_1_19' title='bbox 190 1278 286 1323; x_wconf 76' lang='grc'><strong>379.</strong></span> <span class='ocrx_word' id='word_1_20' title='bbox 332 1279 368 1307; x_wconf 90' lang='grc' dir='ltr'>Ι.</span> 
     </span>
    </p>
   </div>
   <div class='ocr_carea' id='block_1_7' title="bbox 193 2156 288 2211">
    <p class='ocr_par' dir='ltr' id='par_1_7' title="bbox 193 2156 288 2211">
     <span class='ocr_line' id='line_1_14' title="bbox 193 2156 288 2211; baseline 0.011 -16"><span class='ocrx_word' id='word_1_21' title='bbox 193 2156 288 2211; x_wconf 86' lang='grc'><strong>381.</strong></span> 
     </span>
    </p>
   </div>
   <div class='ocr_carea' id='block_1_8' title="bbox 192 2498 375 2553">
    <p class='ocr_par' dir='ltr' id='par_1_8' title="bbox 192 2498 375 2553">
     <span class='ocr_line' id='line_1_15' title="bbox 192 2498 375 2553; baseline 0 -16"><span class='ocrx_word' id='word_1_22' title='bbox 192 2498 288 2553; x_wconf 79' lang='grc'><strong>382.</strong></span> <span class='ocrx_word' id='word_1_23' title='bbox 335 2506 375 2549; x_wconf 84' lang='grc'>5.</span> 
     </span>
    </p>
   </div>
   <div class='ocr_carea' id='block_1_9' title="bbox 312 2715 378 2889">
    <p class='ocr_par' dir='ltr' id='par_1_9' title="bbox 312 2715 378 2889">
     <span class='ocr_line' id='line_1_16' title="bbox 312 2715 376 2743; baseline 0.031 -2"><span class='ocrx_word' id='word_1_24' title='bbox 312 2715 376 2743; x_wconf 93' lang='grc'>12.</span> 
     </span>
     <span class='ocr_line' id='line_1_17' title="bbox 314 2783 377 2820; baseline 0.016 -11"><span class='ocrx_word' id='word_1_25' title='bbox 314 2783 377 2820; x_wconf 91' lang='lat'>14.</span> 
     </span>
     <span class='ocr_line' id='line_1_18' title="bbox 312 2848 378 2889; baseline 0.015 -12"><span class='ocrx_word' id='word_1_26' title='bbox 312 2848 378 2889; x_wconf 85' lang='lat'>27.</span> 
     </span>
    </p>
   </div>
   <div class='ocr_carea' id='block_1_10' title="bbox 197 2918 379 3027">
    <p class='ocr_par' dir='ltr' id='par_1_10' title="bbox 197 2918 379 3027">
     <span class='ocr_line' id='line_1_19' title="bbox 312 2918 379 2959; baseline 0.03 -15"><span class='ocrx_word' id='word_1_27' title='bbox 312 2918 379 2959; x_wconf 91' lang='grc'>31.</span> 
     </span>
     <span class='ocr_line' id='line_1_20' title="bbox 197 2973 379 3027; baseline 0.011 -16"><span class='ocrx_word' id='word_1_28' title='bbox 197 2973 293 3027; x_wconf 84' lang='grc'><strong>383.</strong></span> <span class='ocrx_word' id='word_1_29' title='bbox 343 2974 379 3013; x_wconf 85' lang='grc'>8.</span> 
     </span>
    </p>
   </div>
   <div class='ocr_carea' id='block_1_11' title="bbox 790 134 1257 187">
    <p class='ocr_par' dir='ltr' id='par_1_11' title="bbox 790 134 1257 187">
     <span class='ocr_line' id='line_1_21' title="bbox 790 134 1257 187; baseline -0.002 -13"><span class='ocrx_word' id='word_1_30' title='bbox 790 136 1015 175; x_wconf 78' lang='grc' dir='ltr'><strong>ΙΛΙΑΔΟΣ</strong></span> <span class='ocrx_word' id='word_1_31' title='bbox 1057 135 1104 174; x_wconf 88' lang='grc' dir='ltr'>Λ.</span> <span class='ocrx_word' id='word_1_32' title='bbox 1145 134 1257 187; x_wconf 85' lang='grc'><strong>(11)</strong></span> 
     </span>
    </p>
   </div>
   <div class='ocr_carea' id='block_1_12' title="bbox 401 236 988 1183">
    <p class='ocr_par' dir='ltr' id='par_1_12' title="bbox 407 236 712 287">
     <span class='ocr_line' id='line_1_22' title="bbox 407 236 712 287; baseline -0.013 -8"><span class='ocrx_word' id='word_1_33' title='bbox 407 240 495 279; x_wconf 82' lang='grc' dir='ltr'>ἴσας</span> <span class='ocrx_word' id='word_1_34' title='bbox 518 236 547 277; x_wconf 84' lang='grc' dir='ltr'>δ’</span> <span class='ocrx_word' id='word_1_35' title='bbox 570 238 712 287; x_wconf 81' lang='grc' dir='ltr'>ὑσμίνη</span> 
     </span>
    </p>

    <p class='ocr_par' dir='ltr' id='par_1_13' title="bbox 409 304 816 356">
     <span class='ocr_line' id='line_1_23' title="bbox 409 304 816 356; baseline -0.002 -10"><span class='ocrx_word' id='word_1_36' title='bbox 409 308 445 346; x_wconf 80' lang='grc' dir='ltr'>οἱ</span> <span class='ocrx_word' id='word_1_37' title='bbox 466 304 497 345; x_wconf 82' lang='grc' dir='ltr'>δ’</span> <span class='ocrx_word' id='word_1_38' title='bbox 516 306 632 345; x_wconf 81' lang='grc' dir='ltr'>ἄλλοι</span> <span class='ocrx_word' id='word_1_39' title='bbox 654 305 698 345; x_wconf 80' lang='grc' dir='ltr'>οὔ</span> <span class='ocrx_word' id='word_1_40' title='bbox 720 309 816 356; x_wconf 91' lang='grc' dir='ltr'>σφιν</span> 
     </span>
    </p>

    <p class='ocr_par' dir='ltr' id='par_1_14' title="bbox 407 371 809 424">
     <span class='ocr_line' id='line_1_24' title="bbox 407 371 809 424; baseline -0.007 -10"><span class='ocrx_word' id='word_1_41' title='bbox 407 372 547 414; x_wconf 86' lang='grc' dir='ltr'>πάντες</span> <span class='ocrx_word' id='word_1_42' title='bbox 568 371 601 412; x_wconf 84' lang='grc' dir='ltr'>δ’</span> <span class='ocrx_word' id='word_1_43' title='bbox 623 371 809 424; x_wconf 79' lang='grc' dir='ltr'>ᾐτιόωντο</span> 
     </span>
    </p>

    <p class='ocr_par' dir='ltr' id='par_1_15' title="bbox 407 446 562 483">
     <span class='ocr_line' id='line_1_25' title="bbox 407 446 562 483; baseline -0.006 0"><span class='ocrx_word' id='word_1_44' title='bbox 407 446 562 483; x_wconf 83' lang='grc' dir='ltr'>δεῖπνον</span> 
     </span>
    </p>

    <p class='ocr_par' dir='ltr' id='par_1_16' title="bbox 410 509 965 561">
     <span class='ocr_line' id='line_1_26' title="bbox 410 509 965 561; baseline -0.009 -9"><span class='ocrx_word' id='word_1_45' title='bbox 410 509 702 561; x_wconf 81' lang='grc' dir='ltr'>κατεπάλμενος</span> <span class='ocrx_word' id='word_1_46' title='bbox 724 510 850 552; x_wconf 79' lang='grc' dir='ltr'>ἀντίος</span> <span class='ocrx_word' id='word_1_47' title='bbox 872 509 965 559; x_wconf 85' lang='grc' dir='ltr'>ἔστη</span> 
     </span>
    </p>

    <p class='ocr_par' dir='ltr' id='par_1_17' title="bbox 407 577 986 688">
     <span class='ocr_line' id='line_1_27' title="bbox 407 577 986 630; baseline -0.005 -10"><span class='ocrx_word' id='word_1_48' title='bbox 407 580 513 620; x_wconf 79' lang='grc' dir='ltr'>ἀλλὰ</span> <span class='ocrx_word' id='word_1_49' title='bbox 549 577 598 618; x_wconf 82' lang='grc' dir='ltr'>δι’</span> <span class='ocrx_word' id='word_1_50' title='bbox 632 578 747 630; x_wconf 82' lang='grc' dir='ltr'>αὐτῆς</span> <span class='ocrx_word' id='word_1_51' title='bbox 787 577 883 629; x_wconf 83' lang='grc' dir='ltr'>ἦλθε</span> <span class='ocrx_word' id='word_1_52' title='bbox 926 577 986 618; x_wconf 81' lang='grc' dir='ltr'>καὶ</span> 
     </span>
     <span class='ocr_line' id='line_1_28' title="bbox 451 647 591 688; baseline -0.007 0"><span class='ocrx_word' id='word_1_53' title='bbox 451 647 591 688; x_wconf 86' lang='grc' dir='ltr'>ὀστέον</span> 
     </span>
    </p>

    <p class='ocr_par' dir='ltr' id='par_1_18' title="bbox 409 715 920 767">
     <span class='ocr_line' id='line_1_29' title="bbox 409 715 920 767; baseline 0 -11"><span class='ocrx_word' id='word_1_54' title='bbox 409 715 599 767; x_wconf 85' lang='grc' dir='ltr'>στήθεσσι</span> <span class='ocrx_word' id='word_1_55' title='bbox 621 716 920 767; x_wconf 82' lang='grc' dir='ltr'>παμφαίνοντας</span> 
     </span>
    </p>

    <p class='ocr_par' dir='ltr' id='par_1_19' title="bbox 407 782 988 905">
     <span class='ocr_line' id='line_1_30' title="bbox 407 782 988 834; baseline -0.01 -8"><span class='ocrx_word' id='word_1_56' title='bbox 407 787 463 826; x_wconf 79' lang='grc' dir='ltr'>υἱὲ</span> <span class='ocrx_word' id='word_1_57' title='bbox 505 786 579 826; x_wconf 85' lang='grc' dir='ltr'>δύω</span> <span class='ocrx_word' id='word_1_58' title='bbox 631 782 824 834; x_wconf 87' lang='grc' dir='ltr'>Πριάμοιο</span> <span class='ocrx_word' id='word_1_59' title='bbox 870 782 988 822; x_wconf 89' lang='grc' dir='ltr'>νόθον</span> 
     </span>
     <span class='ocr_line' id='line_1_31' title="bbox 452 851 839 905; baseline -0.01 -12"><span class='ocrx_word' id='word_1_60' title='bbox 452 853 513 893; x_wconf 84' lang='grc' dir='ltr'>καὶ</span> <span class='ocrx_word' id='word_1_61' title='bbox 534 852 700 905; x_wconf 86' lang='grc' dir='ltr'>γνήσιον</span> <span class='ocrx_word' id='word_1_62' title='bbox 722 851 839 901; x_wconf 83' lang='grc' dir='ltr'>ἄμφω</span> 
     </span>
    </p>

    <p class='ocr_par' dir='ltr' id='par_1_20' title="bbox 401 919 909 973">
     <span class='ocr_line' id='line_1_32' title="bbox 401 919 909 973; baseline -0.01 -10"><span class='ocrx_word' id='word_1_63' title='bbox 401 921 593 973; x_wconf 79' lang='grc' dir='ltr'>’Ἄντιφος</span> <span class='ocrx_word' id='word_1_64' title='bbox 614 919 660 960; x_wconf 72' lang='grc' dir='ltr'>αὖ</span> <span class='ocrx_word' id='word_1_65' title='bbox 680 919 909 970; x_wconf 85' lang='grc' dir='ltr'>παρέβασκε</span> 
     </span>
    </p>

    <p class='ocr_par' dir='ltr' id='par_1_21' title="bbox 407 988 881 1043">
     <span class='ocr_line' id='line_1_33' title="bbox 407 988 881 1043; baseline -0.017 -10"><span class='ocrx_word' id='word_1_66' title='bbox 407 993 490 1042; x_wconf 84' lang='grc' dir='ltr'>δίδη</span> <span class='ocrx_word' id='word_1_67' title='bbox 510 993 700 1043; x_wconf 82' lang='grc' dir='ltr'>μόσχοισι</span> <span class='ocrx_word' id='word_1_68' title='bbox 721 988 881 1039; x_wconf 86' lang='grc' dir='ltr'>λύγοισι</span> 
     </span>
    </p>

    <p class='ocr_par' dir='ltr' id='par_1_22' title="bbox 401 1055 872 1112">
     <span class='ocr_line' id='line_1_34' title="bbox 401 1055 872 1112; baseline -0.011 -11"><span class='ocrx_word' id='word_1_69' title='bbox 401 1060 596 1112; x_wconf 78' lang='grc' dir='ltr'>’Ἄντιφον</span> <span class='ocrx_word' id='word_1_70' title='bbox 613 1058 660 1099; x_wconf 76' lang='grc' dir='ltr'>αὖ</span> <span class='ocrx_word' id='word_1_71' title='bbox 681 1058 787 1108; x_wconf 84' lang='grc' dir='ltr'>παρὰ</span> <span class='ocrx_word' id='word_1_72' title='bbox 807 1055 872 1096; x_wconf 72' lang='grc' dir='ltr'>οὓς</span> 
     </span>
    </p>

    <p class='ocr_par' dir='ltr' id='par_1_23' title="bbox 406 1124 852 1183">
     <span class='ocr_line' id='line_1_35' title="bbox 406 1124 852 1183; baseline -0.013 -13"><span class='ocrx_word' id='word_1_73' title='bbox 406 1128 555 1183; x_wconf 83' lang='grc' dir='ltr'>χρυσὸν</span> <span class='ocrx_word' id='word_1_74' title='bbox 577 1124 852 1177; x_wconf 81' lang='grc' dir='ltr'>Ἀλεξάνδροιο</span> 
     </span>
    </p>
   </div>
   <div class='ocr_carea' id='block_1_13' title="bbox 401 1262 923 1452">
    <p class='ocr_par' dir='ltr' id='par_1_24' title="bbox 401 1262 923 1452">
     <span class='ocr_line' id='line_1_36' title="bbox 401 1262 812 1317; baseline -0.01 -11"><span class='ocrx_word' id='word_1_75' title='bbox 401 1267 524 1317; x_wconf 87' lang='grc' dir='ltr'>ὅλμον</span> <span class='ocrx_word' id='word_1_76' title='bbox 545 1263 575 1306; x_wconf 90' lang='grc' dir='ltr'>δ’</span> <span class='ocrx_word' id='word_1_77' title='bbox 599 1265 650 1306; x_wconf 84' lang='grc' dir='ltr'>ὣς</span> <span class='ocrx_word' id='word_1_78' title='bbox 672 1262 812 1304; x_wconf 82' lang='grc' dir='ltr'>ἔσσευε</span> 
     </span>
     <span class='ocr_line' id='line_1_37' title="bbox 406 1332 923 1385; baseline -0.012 -9"><span class='ocrx_word' id='word_1_79' title='bbox 406 1335 511 1384; x_wconf 77' lang='grc' dir='ltr'>πεζοὶ</span> <span class='ocrx_word' id='word_1_80' title='bbox 531 1335 604 1385; x_wconf 79' lang='grc' dir='ltr'>μὲν</span> <span class='ocrx_word' id='word_1_81' title='bbox 624 1332 760 1381; x_wconf 82' lang='grc' dir='ltr'>πεζοὺς</span> <span class='ocrx_word' id='word_1_82' title='bbox 781 1332 923 1370; x_wconf 83' lang='grc' dir='ltr'>ὄλεκον</span> 
     </span>
     <span class='ocr_line' id='line_1_38' title="bbox 406 1398 849 1452; baseline -0.014 -7"><span class='ocrx_word' id='word_1_83' title='bbox 406 1405 446 1444; x_wconf 87' lang='grc' dir='ltr'>ἐκ</span> <span class='ocrx_word' id='word_1_84' title='bbox 467 1403 603 1444; x_wconf 88' lang='grc' dir='ltr'>πεδίου</span> <span class='ocrx_word' id='word_1_85' title='bbox 625 1402 695 1452; x_wconf 77' lang='grc' dir='ltr'>τὴν</span> <span class='ocrx_word' id='word_1_86' title='bbox 716 1398 849 1452; x_wconf 74' lang='grc' dir='ltr'>ὦρσαν</span> 
     </span>
    </p>
   </div>
   <div class='ocr_carea' id='block_1_14' title="bbox 364 1468 878 1522">
    <p class='ocr_par' dir='ltr' id='par_1_25' title="bbox 364 1468 878 1522">
     <span class='ocr_line' id='line_1_39' title="bbox 364 1468 878 1522; baseline -0.012 -9"><span class='ocrx_word' id='word_1_87' title='bbox 364 1505 371 1513; x_wconf 95' lang='grc'>.</span> <span class='ocrx_word' id='word_1_88' title='bbox 405 1473 455 1516; x_wconf 83' lang='grc' dir='ltr'>ὣς</span> <span class='ocrx_word' id='word_1_89' title='bbox 477 1471 511 1512; x_wconf 71' lang='grc' dir='ltr'>δ’</span> <span class='ocrx_word' id='word_1_90' title='bbox 533 1472 598 1512; x_wconf 84' lang='grc' dir='ltr'>ὅτε</span> <span class='ocrx_word' id='word_1_91' title='bbox 619 1473 693 1522; x_wconf 80' lang='grc' dir='ltr'>πῦρ</span> <span class='ocrx_word' id='word_1_92' title='bbox 715 1468 878 1519; x_wconf 78' lang='grc' dir='ltr'>ἀΐδηλον</span> 
     </span>
    </p>
   </div>
   <div class='ocr_carea' id='block_1_15' title="bbox 404 1538 728 1590">
    <p class='ocr_par' dir='ltr' id='par_1_26' title="bbox 404 1538 728 1590">
     <span class='ocr_line' id='line_1_40' title="bbox 404 1538 728 1590; baseline -0.009 -9"><span class='ocrx_word' id='word_1_93' title='bbox 404 1542 440 1582; x_wconf 79' lang='grc' dir='ltr'>οἳ</span> <span class='ocrx_word' id='word_1_94' title='bbox 462 1540 504 1581; x_wconf 89' lang='grc' dir='ltr'>δέ</span> <span class='ocrx_word' id='word_1_95' title='bbox 523 1557 564 1580; x_wconf 89' lang='grc' dir='ltr'>τε</span> <span class='ocrx_word' id='word_1_96' title='bbox 587 1538 728 1590; x_wconf 85' lang='grc' dir='ltr'>θάμνοι</span> 
     </span>
    </p>
   </div>
   <div class='ocr_carea' id='block_1_16' title="bbox 364 1608 874 1730">
    <p class='ocr_par' dir='ltr' id='par_1_27' title="bbox 364 1608 874 1730">
     <span class='ocr_line' id='line_1_41' title="bbox 364 1608 788 1662; baseline -0.007 -11"><span class='ocrx_word' id='word_1_97' title='bbox 364 1643 372 1651; x_wconf 96' lang='grc'>.</span> <span class='ocrx_word' id='word_1_98' title='bbox 405 1610 649 1662; x_wconf 83' lang='grc' dir='ltr'>ἐπειγόμενοι</span> <span class='ocrx_word' id='word_1_99' title='bbox 670 1608 788 1657; x_wconf 88' lang='grc' dir='ltr'>πυρός</span> 
     </span>
     <span class='ocr_line' id='line_1_42' title="bbox 365 1673 874 1730; baseline -0.012 -11"><span class='ocrx_word' id='word_1_100' title='bbox 365 1709 373 1718; x_wconf 91' lang='grc'>.</span> <span class='ocrx_word' id='word_1_101' title='bbox 407 1676 502 1718; x_wconf 82' lang='grc' dir='ltr'>κείν’</span> <span class='ocrx_word' id='word_1_102' title='bbox 524 1678 623 1730; x_wconf 81' lang='grc' dir='ltr'>ὄχεα</span> <span class='ocrx_word' id='word_1_103' title='bbox 646 1673 874 1728; x_wconf 77' lang='grc' dir='ltr'>κροτάλιζον</span> 
     </span>
    </p>
   </div>
   <div class='ocr_carea' id='block_1_17' title="bbox 191 1747 374 1801">
    <p class='ocr_par' dir='ltr' id='par_1_28' title="bbox 191 1747 374 1801">
     <span class='ocr_line' id='line_1_43' title="bbox 191 1747 374 1801; baseline 0.005 -15"><span class='ocrx_word' id='word_1_104' title='bbox 191 1747 287 1801; x_wconf 82' lang='grc'><strong>380.</strong></span> <span class='ocrx_word' id='word_1_105' title='bbox 339 1760 374 1788; x_wconf 90' lang='grc'>1.</span> 
     </span>
    </p>
   </div>
   <div class='ocr_carea' id='block_1_18' title="bbox 407 1742 989 2957">
    <p class='ocr_par' dir='ltr' id='par_1_29' title="bbox 408 1742 986 1854">
     <span class='ocr_line' id='line_1_44' title="bbox 408 1742 986 1797; baseline -0.009 -12"><span class='ocrx_word' id='word_1_106' title='bbox 408 1745 608 1797; x_wconf 87' lang='grc' dir='ltr'>Ἀτρείδης</span> <span class='ocrx_word' id='word_1_107' title='bbox 645 1743 679 1783; x_wconf 78' lang='grc' dir='ltr'>δ’</span> <span class='ocrx_word' id='word_1_108' title='bbox 717 1742 850 1783; x_wconf 82' lang='grc' dir='ltr'>ἔπειτα</span> <span class='ocrx_word' id='word_1_109' title='bbox 885 1746 986 1793; x_wconf 88' lang='grc' dir='ltr'>σφε-</span> 
     </span>
     <span class='ocr_line' id='line_1_45' title="bbox 449 1815 568 1854; baseline -0.008 0"><span class='ocrx_word' id='word_1_110' title='bbox 449 1815 568 1854; x_wconf 88' lang='grc' dir='ltr'>δανόν</span> 
     </span>
    </p>

    <p class='ocr_par' dir='ltr' id='par_1_30' title="bbox 408 1877 987 1998">
     <span class='ocr_line' id='line_1_46' title="bbox 408 1877 987 1930; baseline -0.01 -8"><span class='ocrx_word' id='word_1_111' title='bbox 408 1884 444 1922; x_wconf 83' lang='grc' dir='ltr'>οἳ</span> <span class='ocrx_word' id='word_1_112' title='bbox 495 1882 537 1921; x_wconf 79' lang='grc' dir='ltr'>δὲ</span> <span class='ocrx_word' id='word_1_113' title='bbox 581 1879 669 1930; x_wconf 87' lang='grc' dir='ltr'>παρ’</span> <span class='ocrx_word' id='word_1_114' title='bbox 713 1877 826 1918; x_wconf 85' lang='grc' dir='ltr'>Ἴλου</span> <span class='ocrx_word' id='word_1_115' title='bbox 881 1879 987 1928; x_wconf 88' lang='grc' dir='ltr'>σῆμα</span> 
     </span>
     <span class='ocr_line' id='line_1_47' title="bbox 451 1947 886 1998; baseline -0.011 -8"><span class='ocrx_word' id='word_1_116' title='bbox 451 1952 618 1990; x_wconf 84' lang='grc' dir='ltr'>παλαιοῦ</span> <span class='ocrx_word' id='word_1_117' title='bbox 642 1947 886 1998; x_wconf 86' lang='grc' dir='ltr'>Δαρδανίδαο</span> 
     </span>
    </p>

    <p class='ocr_par' dir='ltr' id='par_1_31' title="bbox 408 2015 842 2066">
     <span class='ocr_line' id='line_1_48' title="bbox 408 2015 842 2066; baseline -0.012 -8"><span class='ocrx_word' id='word_1_118' title='bbox 408 2018 451 2060; x_wconf 80' lang='grc' dir='ltr'>ἃς</span> <span class='ocrx_word' id='word_1_119' title='bbox 473 2034 512 2057; x_wconf 84' lang='grc' dir='ltr'>τε</span> <span class='ocrx_word' id='word_1_120' title='bbox 533 2016 638 2056; x_wconf 89' lang='grc' dir='ltr'>λέων</span> <span class='ocrx_word' id='word_1_121' title='bbox 660 2015 842 2066; x_wconf 84' lang='grc' dir='ltr'>ἐφόβησε</span> 
     </span>
    </p>

    <p class='ocr_par' dir='ltr' id='par_1_32' title="bbox 408 2086 859 2135">
     <span class='ocr_line' id='line_1_49' title="bbox 408 2086 859 2135; baseline -0.011 -8"><span class='ocrx_word' id='word_1_122' title='bbox 408 2086 553 2127; x_wconf 85' lang='grc' dir='ltr'>πολλοὶ</span> <span class='ocrx_word' id='word_1_123' title='bbox 574 2086 615 2125; x_wconf 81' lang='grc' dir='ltr'>δὲ</span> <span class='ocrx_word' id='word_1_124' title='bbox 640 2086 795 2135; x_wconf 84' lang='grc' dir='ltr'>πρηνεῖς</span> <span class='ocrx_word' id='word_1_125' title='bbox 817 2099 859 2122; x_wconf 90' lang='grc' dir='ltr'>τε</span> 
     </span>
    </p>

    <p class='ocr_par' dir='ltr' id='par_1_33' title="bbox 407 2150 986 2276">
     <span class='ocr_line' id='line_1_50' title="bbox 407 2150 986 2207; baseline -0.009 -12"><span class='ocrx_word' id='word_1_126' title='bbox 407 2153 527 2207; x_wconf 83' lang='grc' dir='ltr'>βάσκ’</span> <span class='ocrx_word' id='word_1_127' title='bbox 562 2155 615 2194; x_wconf 85' lang='grc' dir='ltr'>ἰ’θι</span> <span class='ocrx_word' id='word_1_128' title='bbox 641 2151 717 2203; x_wconf 82' lang='grc' dir='ltr'>Ἶρι</span> <span class='ocrx_word' id='word_1_129' title='bbox 749 2152 840 2204; x_wconf 88' lang='grc' dir='ltr'>(ι’ρει</span> <span class='ocrx_word' id='word_1_130' title='bbox 878 2150 986 2202; x_wconf 83' lang='lat' dir='ltr'>eod.)</span> 
     </span>
     <span class='ocr_line' id='line_1_51' title="bbox 451 2227 590 2276; baseline -0.007 -13"><span class='ocrx_word' id='word_1_131' title='bbox 451 2227 590 2276; x_wconf 80' lang='grc' dir='ltr'>ταχεῖα</span> 
     </span>
    </p>

    <p class='ocr_par' dir='ltr' id='par_1_34' title="bbox 409 2288 986 2401">
     <span class='ocr_line' id='line_1_52' title="bbox 409 2288 986 2343; baseline -0.009 -11"><span class='ocrx_word' id='word_1_132' title='bbox 409 2292 527 2343; x_wconf 77' lang='grc' dir='ltr'>αὐτὰρ</span> <span class='ocrx_word' id='word_1_133' title='bbox 553 2292 639 2331; x_wconf 89' lang='grc' dir='ltr'>ἐπεί</span> <span class='ocrx_word' id='word_1_134' title='bbox 668 2289 702 2330; x_wconf 74' lang='grc' dir='ltr'>κ’</span> <span class='ocrx_word' id='word_1_135' title='bbox 730 2288 752 2340; x_wconf 80' lang='grc' dir='ltr'>ἢ</span> <span class='ocrx_word' id='word_1_136' title='bbox 785 2288 890 2340; x_wconf 85' lang='grc' dir='ltr'>δουρὶ</span> <span class='ocrx_word' id='word_1_137' title='bbox 922 2305 986 2328; x_wconf 88' lang='grc' dir='ltr'>τυ-</span> 
     </span>
     <span class='ocr_line' id='line_1_53' title="bbox 448 2360 534 2401; baseline 0.012 -1"><span class='ocrx_word' id='word_1_138' title='bbox 448 2360 534 2401; x_wconf 88' lang='grc' dir='ltr'>πείς</span> 
     </span>
    </p>

    <p class='ocr_par' dir='ltr' id='par_1_35' title="bbox 409 2424 926 2478">
     <span class='ocr_line' id='line_1_54' title="bbox 409 2424 926 2478; baseline -0.01 -9"><span class='ocrx_word' id='word_1_139' title='bbox 409 2430 463 2470; x_wconf 86' lang='grc' dir='ltr'>εἰς</span> <span class='ocrx_word' id='word_1_140' title='bbox 484 2429 622 2469; x_wconf 83' lang='grc' dir='ltr'>ἵππους</span> <span class='ocrx_word' id='word_1_141' title='bbox 648 2427 812 2467; x_wconf 84' lang='grc' dir='ltr'>ἅλλεται</span> <span class='ocrx_word' id='word_1_142' title='bbox 835 2424 926 2478; x_wconf 83' lang='lat' dir='ltr'>(sic)</span> 
     </span>
    </p>

    <p class='ocr_par' dir='ltr' id='par_1_36' title="bbox 409 2493 989 2618">
     <span class='ocr_line' id='line_1_55' title="bbox 409 2493 989 2547; baseline -0.005 -11"><span class='ocrx_word' id='word_1_143' title='bbox 409 2497 506 2539; x_wconf 87' lang='grc' dir='ltr'>Ζεύς</span> <span class='ocrx_word' id='word_1_144' title='bbox 554 2513 601 2547; x_wconf 92' lang='grc' dir='ltr'>με</span> <span class='ocrx_word' id='word_1_145' title='bbox 651 2494 776 2546; x_wconf 76' lang='grc' dir='ltr'>πατὴρ</span> <span class='ocrx_word' id='word_1_146' title='bbox 826 2493 989 2546; x_wconf 87' lang='grc' dir='ltr'>προέηκε</span> 
     </span>
     <span class='ocr_line' id='line_1_56' title="bbox 452 2563 787 2618; baseline -0.015 -12"><span class='ocrx_word' id='word_1_147' title='bbox 452 2564 623 2618; x_wconf 80' lang='grc' dir='ltr'>(προέϊκε</span> <span class='ocrx_word' id='word_1_148' title='bbox 644 2563 787 2616; x_wconf 82' lang='lat' dir='ltr'>codex)</span> 
     </span>
    </p>

    <p class='ocr_par' dir='ltr' id='par_1_37' title="bbox 408 2631 716 2685">
     <span class='ocr_line' id='line_1_57' title="bbox 408 2631 716 2685; baseline -0.006 -11"><span class='ocrx_word' id='word_1_149' title='bbox 408 2637 558 2685; x_wconf 87' lang='grc' dir='ltr'>πρῶτος</span> <span class='ocrx_word' id='word_1_150' title='bbox 584 2631 716 2684; x_wconf 86' lang='grc' dir='ltr'>ὄρουσ’</span> 
     </span>
    </p>

    <p class='ocr_par' dir='ltr' id='par_1_38' title="bbox 410 2701 661 2752">
     <span class='ocr_line' id='line_1_58' title="bbox 410 2701 661 2752; baseline -0.008 -10"><span class='ocrx_word' id='word_1_151' title='bbox 410 2703 541 2743; x_wconf 84' lang='grc' dir='ltr'>ἀντίος</span> <span class='ocrx_word' id='word_1_152' title='bbox 565 2701 661 2752; x_wconf 80' lang='grc' dir='ltr'>ἣλθε</span> 
     </span>
    </p>

    <p class='ocr_par' dir='ltr' id='par_1_39' title="bbox 410 2768 912 2822">
     <span class='ocr_line' id='line_1_59' title="bbox 410 2768 912 2822; baseline -0.004 -13"><span class='ocrx_word' id='word_1_153' title='bbox 410 2768 618 2822; x_wconf 85' lang='grc' dir='ltr'>Ἰφιδάμας</span> <span class='ocrx_word' id='word_1_154' title='bbox 636 2768 912 2818; x_wconf 87' lang='grc' dir='ltr'>Ἀντηνορίδης</span> 
     </span>
    </p>

    <p class='ocr_par' dir='ltr' id='par_1_40' title="bbox 408 2836 817 2888">
     <span class='ocr_line' id='line_1_60' title="bbox 408 2836 817 2888; baseline -0.005 -10"><span class='ocrx_word' id='word_1_155' title='bbox 408 2839 523 2878; x_wconf 84' lang='grc' dir='ltr'>αὐτοῦ</span> <span class='ocrx_word' id='word_1_156' title='bbox 544 2853 612 2888; x_wconf 87' lang='grc' dir='ltr'>μιν</span> <span class='ocrx_word' id='word_1_157' title='bbox 635 2836 817 2888; x_wconf 85' lang='grc' dir='ltr'>κατέρυκε</span> 
     </span>
    </p>

    <p class='ocr_par' dir='ltr' id='par_1_41' title="bbox 411 2902 874 2957">
     <span class='ocr_line' id='line_1_61' title="bbox 411 2902 874 2957; baseline -0.004 -12"><span class='ocrx_word' id='word_1_158' title='bbox 411 2905 535 2957; x_wconf 78' lang='grc' dir='ltr'>γήμας</span> <span class='ocrx_word' id='word_1_159' title='bbox 557 2904 590 2945; x_wconf 85' lang='grc' dir='ltr'>δ’</span> <span class='ocrx_word' id='word_1_160' title='bbox 618 2906 659 2945; x_wconf 86' lang='grc' dir='ltr'>ἐκ</span> <span class='ocrx_word' id='word_1_161' title='bbox 681 2902 874 2955; x_wconf 86' lang='grc' dir='ltr'>θαλάμοιο</span> 
     </span>
    </p>
   </div>
   <div class='ocr_carea' id='block_1_19' title="bbox 412 2972 978 3026">
    <p class='ocr_par' dir='ltr' id='par_1_42' title="bbox 412 2972 978 3026">
     <span class='ocr_line' id='line_1_62' title="bbox 412 2972 978 3026; baseline -0.002 -14"><span class='ocrx_word' id='word_1_162' title='bbox 412 2976 478 3016; x_wconf 75' lang='grc' dir='ltr'>τὰς</span> <span class='ocrx_word' id='word_1_163' title='bbox 499 2977 568 3023; x_wconf 78' lang='grc' dir='ltr'>μὲν</span> <span class='ocrx_word' id='word_1_164' title='bbox 590 2973 708 3015; x_wconf 83' lang='grc' dir='ltr'>ἔπειτ’</span> <span class='ocrx_word' id='word_1_165' title='bbox 730 2975 771 3015; x_wconf 83' lang='grc' dir='ltr'>ἐν</span> <span class='ocrx_word' id='word_1_166' title='bbox 793 2972 978 3026; x_wconf 82' lang='grc' dir='ltr'>Περκώτῃ</span> 
     </span>
    </p>
   </div>
   <div class='ocr_carea' id='block_1_20' title="bbox 1172 243 1237 287">
    <p class='ocr_par' dir='ltr' id='par_1_43' title="bbox 1172 243 1237 287">
     <span class='ocr_line' id='line_1_63' title="bbox 1172 243 1237 287; baseline 0.015 -12"><span class='ocrx_word' id='word_1_167' title='bbox 1172 243 1237 287; x_wconf 88' lang='lat'>15.</span> 
     </span>
    </p>
   </div>
   <div class='ocr_carea' id='block_1_21' title="bbox 1171 384 1238 484">
    <p class='ocr_par' dir='ltr' id='par_1_44' title="bbox 1171 384 1238 484">
     <span class='ocr_line' id='line_1_64' title="bbox 1171 384 1237 413; baseline -0.03 0"><span class='ocrx_word' id='word_1_168' title='bbox 1171 384 1237 413; x_wconf 81' lang='lat'>21.</span> 
     </span>
     <span class='ocr_line' id='line_1_65' title="bbox 1172 455 1238 484; baseline 0 0"><span class='ocrx_word' id='word_1_169' title='bbox 1172 455 1238 484; x_wconf 79' lang='lat'>22.</span> 
     </span>
    </p>
   </div>
   <div class='ocr_carea' id='block_1_22' title="bbox 1169 525 1236 567">
    <p class='ocr_par' dir='ltr' id='par_1_45' title="bbox 1169 525 1236 567">
     <span class='ocr_line' id='line_1_66' title="bbox 1169 525 1236 567; baseline -0.015 -13"><span class='ocrx_word' id='word_1_170' title='bbox 1169 525 1236 567; x_wconf 79' lang='lat'>32.</span> 
     </span>
    </p>
   </div>
   <div class='ocr_carea' id='block_1_23' title="bbox 1055 580 1239 635">
    <p class='ocr_par' dir='ltr' id='par_1_46' title="bbox 1055 580 1239 635">
     <span class='ocr_line' id='line_1_67' title="bbox 1055 580 1239 635; baseline 0.011 -15"><span class='ocrx_word' id='word_1_171' title='bbox 1055 580 1151 635; x_wconf 83' lang='lat'><strong>384.</strong></span> <span class='ocrx_word' id='word_1_172' title='bbox 1200 590 1239 633; x_wconf 86' lang='lat'>5.</span> 
     </span>
    </p>
   </div>
   <div class='ocr_carea' id='block_1_24' title="bbox 1174 648 1238 758">
    <p class='ocr_par' dir='ltr' id='par_1_47' title="bbox 1174 648 1238 758">
     <span class='ocr_line' id='line_1_68' title="bbox 1200 648 1238 689; baseline 0.053 -2"><span class='ocrx_word' id='word_1_173' title='bbox 1200 648 1238 689; x_wconf 88' lang='grc'>8.</span> 
     </span>
     <span class='ocr_line' id='line_1_69' title="bbox 1174 730 1236 758; baseline 0.032 -2"><span class='ocrx_word' id='word_1_174' title='bbox 1174 730 1236 758; x_wconf 84' lang='grc'>10.</span> 
     </span>
    </p>
   </div>
   <div class='ocr_carea' id='block_1_25' title="bbox 1175 798 1239 827">
    <p class='ocr_par' dir='ltr' id='par_1_48' title="bbox 1175 798 1239 827">
     <span class='ocr_line' id='line_1_70' title="bbox 1175 798 1239 827; baseline 0.031 -2"><span class='ocrx_word' id='word_1_175' title='bbox 1175 798 1239 827; x_wconf 83' lang='lat'>12.</span> 
     </span>
    </p>
   </div>
   <div class='ocr_carea' id='block_1_26' title="bbox 1173 931 1238 974">
    <p class='ocr_par' dir='ltr' id='par_1_49' title="bbox 1173 931 1238 974">
     <span class='ocr_line' id='line_1_71' title="bbox 1173 931 1238 974; baseline 0.015 -13"><span class='ocrx_word' id='word_1_176' title='bbox 1173 931 1238 974; x_wconf 88' lang='lat'>15.</span> 
     </span>
    </p>
   </div>
   <div class='ocr_carea' id='block_1_27' title="bbox 1055 990 1239 1097">
    <p class='ocr_par' dir='ltr' id='par_1_50' title="bbox 1055 990 1239 1097">
     <span class='ocr_line' id='line_1_72' title="bbox 1055 990 1239 1097; baseline 0 -67"><span class='ocrx_word' id='word_1_177' title='bbox 1055 990 1151 1044; x_wconf 83' lang='grc'><strong>385.</strong></span> <span class='ocrx_word' id='word_1_178' title='bbox 1200 998 1239 1097; x_wconf 60' lang='grc' dir='ltr'>Ξ.</span> 
     </span>
    </p>
   </div>
   <div class='ocr_carea' id='block_1_28' title="bbox 1054 1142 1238 1252">
    <p class='ocr_par' dir='ltr' id='par_1_51' title="bbox 1054 1142 1238 1252">
     <span class='ocr_line' id='line_1_73' title="bbox 1173 1142 1236 1169; baseline 0 0"><span class='ocrx_word' id='word_1_179' title='bbox 1173 1142 1236 1169; x_wconf 92' lang='grc'>11.</span> 
     </span>
     <span class='ocr_line' id='line_1_74' title="bbox 1054 1196 1238 1252; baseline 0.011 -16"><span class='ocrx_word' id='word_1_180' title='bbox 1054 1197 1151 1252; x_wconf 89' lang='grc'><strong>386.</strong></span> <span class='ocrx_word' id='word_1_181' title='bbox 1199 1196 1238 1238; x_wconf 90' lang='grc'>6.</span> 
     </span>
    </p>
   </div>
   <div class='ocr_carea' id='block_1_29' title="bbox 1199 1278 1238 1318">
    <p class='ocr_par' dir='ltr' id='par_1_52' title="bbox 1199 1278 1238 1318">
     <span class='ocr_line' id='line_1_75' title="bbox 1199 1278 1238 1318; baseline 0 -12"><span class='ocrx_word' id='word_1_182' title='bbox 1199 1278 1238 1318; x_wconf 84' lang='grc'>9.</span> 
     </span>
    </p>
   </div>
   <div class='ocr_carea' id='block_1_30' title="bbox 1173 1346 1242 1526">
    <p class='ocr_par' dir='ltr' id='par_1_53' title="bbox 1173 1346 1242 1526">
     <span class='ocr_line' id='line_1_76' title="bbox 1178 1346 1242 1375; baseline 0.016 -1"><span class='ocrx_word' id='word_1_183' title='bbox 1178 1346 1242 1375; x_wconf 85' lang='grc'>11.</span> 
     </span>
     <span class='ocr_line' id='line_1_77' title="bbox 1175 1415 1239 1455; baseline 0.016 -13"><span class='ocrx_word' id='word_1_184' title='bbox 1175 1415 1239 1455; x_wconf 92' lang='lat'>19.</span> 
     </span>
     <span class='ocr_line' id='line_1_78' title="bbox 1173 1483 1239 1526; baseline -0.015 -13"><span class='ocrx_word' id='word_1_185' title='bbox 1173 1483 1239 1526; x_wconf 84' lang='lat'>23.</span> 
     </span>
    </p>
   </div>
   <div class='ocr_carea' id='block_1_31' title="bbox 1056 1686 1238 1797">
    <p class='ocr_par' dir='ltr' id='par_1_54' title="bbox 1056 1686 1238 1797">
     <span class='ocr_line' id='line_1_79' title="bbox 1170 1686 1238 1728; baseline 0.015 -15"><span class='ocrx_word' id='word_1_186' title='bbox 1170 1686 1238 1728; x_wconf 86' lang='lat'>30.</span> 
     </span>
     <span class='ocr_line' id='line_1_80' title="bbox 1056 1742 1238 1797; baseline 0.011 -16"><span class='ocrx_word' id='word_1_187' title='bbox 1056 1742 1238 1797; x_wconf 83' lang='grc'><strong>387.12.</strong></span> 
     </span>
    </p>
   </div>
   <div class='ocr_carea' id='block_1_32' title="bbox 1174 1891 1239 1928">
    <p class='ocr_par' dir='ltr' id='par_1_55' title="bbox 1174 1891 1239 1928">
     <span class='ocr_line' id='line_1_81' title="bbox 1174 1891 1239 1928; baseline 0 -10"><span class='ocrx_word' id='word_1_188' title='bbox 1174 1891 1239 1928; x_wconf 81' lang='lat'>14.</span> 
     </span>
    </p>
   </div>
   <div class='ocr_carea' id='block_1_33' title="bbox 1175 1956 1238 1998">
    <p class='ocr_par' dir='ltr' id='par_1_56' title="bbox 1175 1956 1238 1998">
     <span class='ocr_line' id='line_1_82' title="bbox 1175 1956 1238 1998; baseline 0.016 -12"><span class='ocrx_word' id='word_1_189' title='bbox 1175 1956 1238 1998; x_wconf 90' lang='lat'>17.</span> 
     </span>
    </p>
   </div>
   <div class='ocr_carea' id='block_1_34' title="bbox 1174 2095 1239 2124">
    <p class='ocr_par' dir='ltr' id='par_1_57' title="bbox 1174 2095 1239 2124">
     <span class='ocr_line' id='line_1_83' title="bbox 1174 2095 1239 2124; baseline -0.015 0"><span class='ocrx_word' id='word_1_190' title='bbox 1174 2095 1239 2124; x_wconf 86' lang='lat'>20.</span> 
     </span>
    </p>
   </div>
   <div class='ocr_carea' id='block_1_35' title="bbox 1055 2151 1238 2207">
    <p class='ocr_par' dir='ltr' id='par_1_58' title="bbox 1055 2151 1238 2207">
     <span class='ocr_line' id='line_1_84' title="bbox 1055 2151 1238 2207; baseline 0 -16"><span class='ocrx_word' id='word_1_191' title='bbox 1055 2151 1152 2207; x_wconf 86' lang='grc'><strong>388.</strong></span> <span class='ocrx_word' id='word_1_192' title='bbox 1174 2164 1238 2205; x_wconf 89' lang='grc'>13.</span> 
     </span>
    </p>
   </div>
   <div class='ocr_carea' id='block_1_36' title="bbox 1173 2231 1239 2270">
    <p class='ocr_par' dir='ltr' id='par_1_59' title="bbox 1173 2231 1239 2270">
     <span class='ocr_line' id='line_1_85' title="bbox 1173 2231 1239 2270; baseline -0.03 -9"><span class='ocrx_word' id='word_1_193' title='bbox 1173 2231 1239 2270; x_wconf 85' lang='lat'>24.</span> 
     </span>
    </p>
   </div>
   <div class='ocr_carea' id='block_1_37' title="bbox 1056 2358 1241 2739">
    <p class='ocr_par' dir='ltr' id='par_1_60' title="bbox 1056 2358 1241 2739">
     <span class='ocr_line' id='line_1_86' title="bbox 1056 2358 1239 2412; baseline -0.027 0"><span class='ocrx_word' id='word_1_194' title='bbox 1056 2358 1153 2412; x_wconf 83' lang='lat'>389-</span> <span class='ocrx_word' id='word_1_195' title='bbox 1204 2366 1239 2408; x_wconf 90' lang='lat'>7·</span> 
     </span>
     <span class='ocr_line' id='line_1_87' title="bbox 1175 2437 1239 2475; baseline 0.016 -11"><span class='ocrx_word' id='word_1_196' title='bbox 1175 2437 1239 2475; x_wconf 88' lang='lat'>14.</span> 
     </span>
     <span class='ocr_line' id='line_1_88' title="bbox 1172 2502 1239 2545; baseline -0.015 -11"><span class='ocrx_word' id='word_1_197' title='bbox 1172 2502 1239 2545; x_wconf 86' lang='lat'>27.</span> 
     </span>
     <span class='ocr_line' id='line_1_89' title="bbox 1058 2572 1241 2617; baseline -0.022 0"><span class='ocrx_word' id='word_1_198' title='bbox 1058 2574 1154 2617; x_wconf 71' lang='lat'>390-</span> <span class='ocrx_word' id='word_1_199' title='bbox 1204 2572 1241 2613; x_wconf 92' lang='lat'>7·</span> 
     </span>
     <span class='ocr_line' id='line_1_90' title="bbox 1177 2642 1241 2669; baseline 0 0"><span class='ocrx_word' id='word_1_200' title='bbox 1177 2642 1241 2669; x_wconf 85' lang='grc' dir='ltr'>ΙΙ.</span> 
     </span>
     <span class='ocr_line' id='line_1_91' title="bbox 1174 2709 1241 2739; baseline -0.015 0"><span class='ocrx_word' id='word_1_201' title='bbox 1174 2709 1241 2739; x_wconf 85' lang='lat'>22.</span> 
     </span>
    </p>
   </div>
   <div class='ocr_carea' id='block_1_38' title="bbox 1059 2833 1243 2957">
    <p class='ocr_par' dir='ltr' id='par_1_61' title="bbox 1059 2833 1243 2957">
     <span class='ocr_line' id='line_1_92' title="bbox 1174 2833 1241 2875; baseline -0.03 0"><span class='ocrx_word' id='word_1_202' title='bbox 1174 2833 1241 2875; x_wconf 85' lang='lat'>28.</span> 
     </span>
     <span class='ocr_line' id='line_1_93' title="bbox 1059 2914 1243 2957; baseline -0.027 0"><span class='ocrx_word' id='word_1_203' title='bbox 1059 2915 1155 2957; x_wconf 83' lang='lat'>391·</span> <span class='ocrx_word' id='word_1_204' title='bbox 1203 2914 1243 2952; x_wconf 89' lang='lat'>4·</span> 
     </span>
    </p>
   </div>
   <div class='ocr_carea' id='block_1_39' title="bbox 1177 2982 1240 3010">
    <p class='ocr_par' dir='ltr' id='par_1_62' title="bbox 1177 2982 1240 3010">
     <span class='ocr_line' id='line_1_94' title="bbox 1177 2982 1240 3010; baseline 0 0"><span class='ocrx_word' id='word_1_205' title='bbox 1177 2982 1240 3010; x_wconf 92' lang='lat'>10.</span> 
     </span>
    </p>
   </div>
   <div class='ocr_carea' id='block_1_40' title="bbox 1269 234 1856 1250">
    <p class='ocr_par' dir='ltr' id='par_1_63' title="bbox 1269 234 1851 354">
     <span class='ocr_line' id='line_1_95' title="bbox 1269 234 1851 287; baseline 0 -12"><span class='ocrx_word' id='word_1_206' title='bbox 1269 234 1474 287; x_wconf 85' lang='grc' dir='ltr'>Ἰφιδάμας</span> <span class='ocrx_word' id='word_1_207' title='bbox 1515 235 1556 274; x_wconf 85' lang='grc' dir='ltr'>δὲ</span> <span class='ocrx_word' id='word_1_208' title='bbox 1598 235 1693 274; x_wconf 79' lang='grc' dir='ltr'>κατὰ</span> <span class='ocrx_word' id='word_1_209' title='bbox 1730 235 1851 285; x_wconf 79' lang='grc' dir='ltr'>ζώνην</span> 
     </span>
     <span class='ocr_line' id='line_1_96' title="bbox 1313 303 1634 354; baseline 0 -12"><span class='ocrx_word' id='word_1_210' title='bbox 1313 304 1482 354; x_wconf 85' lang='grc' dir='ltr'>θώρηκος</span> <span class='ocrx_word' id='word_1_211' title='bbox 1503 303 1634 353; x_wconf 85' lang='grc' dir='ltr'>ἔνερθε</span> 
     </span>
    </p>

    <p class='ocr_par' dir='ltr' id='par_1_64' title="bbox 1271 371 1498 412">
     <span class='ocr_line' id='line_1_97' title="bbox 1271 371 1498 412; baseline -0.004 -1"><span class='ocrx_word' id='word_1_212' title='bbox 1271 371 1352 411; x_wconf 80' lang='grc' dir='ltr'>ἕλκ’</span> <span class='ocrx_word' id='word_1_213' title='bbox 1374 371 1435 412; x_wconf 84' lang='grc' dir='ltr'>ἐπὶ</span> <span class='ocrx_word' id='word_1_214' title='bbox 1458 371 1498 410; x_wconf 77' lang='grc' dir='ltr'>οἵ</span> 
     </span>
    </p>

    <p class='ocr_par' dir='ltr' id='par_1_65' title="bbox 1271 442 1456 483">
     <span class='ocr_line' id='line_1_98' title="bbox 1271 442 1456 483; baseline 0.005 -1"><span class='ocrx_word' id='word_1_215' title='bbox 1271 443 1373 483; x_wconf 80' lang='grc' dir='ltr'>ὥστε</span> <span class='ocrx_word' id='word_1_216' title='bbox 1394 442 1456 483; x_wconf 84' lang='grc' dir='ltr'>λίς</span> 
     </span>
    </p>

    <p class='ocr_par' dir='ltr' id='par_1_66' title="bbox 1269 511 1713 563">
     <span class='ocr_line' id='line_1_99' title="bbox 1269 511 1713 563; baseline 0.005 -11"><span class='ocrx_word' id='word_1_217' title='bbox 1269 511 1420 563; x_wconf 82' lang='grc' dir='ltr'>οἰκτρὸς</span> <span class='ocrx_word' id='word_1_218' title='bbox 1443 511 1519 552; x_wconf 86' lang='grc' dir='ltr'>ἀπὸ</span> <span class='ocrx_word' id='word_1_219' title='bbox 1539 513 1713 562; x_wconf 86' lang='grc' dir='ltr'>μνηστῆς</span> 
     </span>
    </p>

    <p class='ocr_par' dir='ltr' id='par_1_67' title="bbox 1272 579 1676 632">
     <span class='ocr_line' id='line_1_100' title="bbox 1272 579 1676 632; baseline 0.002 -12"><span class='ocrx_word' id='word_1_220' title='bbox 1272 579 1391 632; x_wconf 88' lang='grc' dir='ltr'>πρῶθ’</span> <span class='ocrx_word' id='word_1_221' title='bbox 1417 580 1557 621; x_wconf 84' lang='grc' dir='ltr'>ἑκατὸν</span> <span class='ocrx_word' id='word_1_222' title='bbox 1577 583 1676 630; x_wconf 81' lang='grc' dir='ltr'>βοῦς</span> 
     </span>
    </p>

    <p class='ocr_par' dir='ltr' id='par_1_68' title="bbox 1271 647 1739 701">
     <span class='ocr_line' id='line_1_101' title="bbox 1271 647 1739 701; baseline 0.002 -13"><span class='ocrx_word' id='word_1_223' title='bbox 1271 650 1457 701; x_wconf 89' lang='grc' dir='ltr'>κρατερόν</span> <span class='ocrx_word' id='word_1_224' title='bbox 1483 647 1532 700; x_wconf 86' lang='grc' dir='ltr'>ῥά</span> <span class='ocrx_word' id='word_1_225' title='bbox 1555 649 1573 688; x_wconf 83' lang='grc' dir='ltr'>ἑ</span> <span class='ocrx_word' id='word_1_226' title='bbox 1598 648 1739 689; x_wconf 84' lang='grc' dir='ltr'>πένθος</span> 
     </span>
    </p>

    <p class='ocr_par' dir='ltr' id='par_1_69' title="bbox 1270 715 1543 768">
     <span class='ocr_line' id='line_1_102' title="bbox 1270 715 1543 768; baseline -0.004 -11"><span class='ocrx_word' id='word_1_227' title='bbox 1270 719 1344 767; x_wconf 89' lang='grc' dir='ltr'>στῆ</span> <span class='ocrx_word' id='word_1_228' title='bbox 1367 719 1398 756; x_wconf 86' lang='grc' dir='ltr'>δ’</span> <span class='ocrx_word' id='word_1_229' title='bbox 1423 715 1543 768; x_wconf 80' lang='grc' dir='ltr'>εὗράξ</span> 
     </span>
    </p>

    <p class='ocr_par' dir='ltr' id='par_1_70' title="bbox 1272 784 1854 906">
     <span class='ocr_line' id='line_1_103' title="bbox 1272 784 1854 837; baseline -0.002 -11"><span class='ocrx_word' id='word_1_230' title='bbox 1272 786 1359 836; x_wconf 75' lang='grc' dir='ltr'>νύξε</span> <span class='ocrx_word' id='word_1_231' title='bbox 1401 785 1443 826; x_wconf 90' lang='grc' dir='ltr'>δέ</span> <span class='ocrx_word' id='word_1_232' title='bbox 1487 801 1554 835; x_wconf 87' lang='grc' dir='ltr'>μιν</span> <span class='ocrx_word' id='word_1_233' title='bbox 1599 784 1696 824; x_wconf 85' lang='grc' dir='ltr'>κατὰ</span> <span class='ocrx_word' id='word_1_234' title='bbox 1739 787 1854 837; x_wconf 84' lang='grc' dir='ltr'>χεῖρα</span> 
     </span>
     <span class='ocr_line' id='line_1_104' title="bbox 1314 852 1812 906; baseline -0.002 -12"><span class='ocrx_word' id='word_1_235' title='bbox 1314 854 1439 904; x_wconf 89' lang='grc' dir='ltr'>μέσην</span> <span class='ocrx_word' id='word_1_236' title='bbox 1461 854 1634 906; x_wconf 84' lang='grc' dir='ltr'>ἀγκῶνος</span> <span class='ocrx_word' id='word_1_237' title='bbox 1656 852 1812 904; x_wconf 84' lang='grc' dir='ltr'>ἔνερθεν</span> 
     </span>
    </p>

    <p class='ocr_par' dir='ltr' id='par_1_71' title="bbox 1273 920 1732 973">
     <span class='ocr_line' id='line_1_105' title="bbox 1273 920 1732 973; baseline -0.004 -11"><span class='ocrx_word' id='word_1_238' title='bbox 1273 920 1365 962; x_wconf 82' lang='grc' dir='ltr'>ἀλλ’</span> <span class='ocrx_word' id='word_1_239' title='bbox 1387 922 1578 973; x_wconf 80' lang='grc' dir='ltr'>ἐπόρουσε</span> <span class='ocrx_word' id='word_1_240' title='bbox 1601 921 1732 961; x_wconf 86' lang='grc' dir='ltr'>Κόωνι</span> 
     </span>
    </p>

    <p class='ocr_par' dir='ltr' id='par_1_72' title="bbox 1273 988 1602 1042">
     <span class='ocr_line' id='line_1_106' title="bbox 1273 988 1602 1042; baseline -0.003 -13"><span class='ocrx_word' id='word_1_241' title='bbox 1273 989 1363 1042; x_wconf 86' lang='grc' dir='ltr'>ὄφρ’</span> <span class='ocrx_word' id='word_1_242' title='bbox 1385 991 1422 1029; x_wconf 81' lang='grc' dir='ltr'>οἱ</span> <span class='ocrx_word' id='word_1_243' title='bbox 1444 988 1523 1039; x_wconf 67' lang='grc' dir='ltr'>αἷμ’</span> <span class='ocrx_word' id='word_1_244' title='bbox 1545 988 1602 1028; x_wconf 79' lang='grc' dir='ltr'>ἔτι</span> 
     </span>
    </p>

    <p class='ocr_par' dir='ltr' id='par_1_73' title="bbox 1275 1058 1607 1109">
     <span class='ocr_line' id='line_1_107' title="bbox 1275 1058 1607 1109; baseline -0.009 -10"><span class='ocrx_word' id='word_1_245' title='bbox 1275 1060 1397 1109; x_wconf 76' lang='grc' dir='ltr'>ὀξεῖαι</span> <span class='ocrx_word' id='word_1_246' title='bbox 1419 1060 1451 1097; x_wconf 88' lang='grc' dir='ltr'>δ’</span> <span class='ocrx_word' id='word_1_247' title='bbox 1474 1058 1607 1097; x_wconf 87' lang='grc' dir='ltr'>ὀδύναι</span> 
     </span>
    </p>

    <p class='ocr_par' dir='ltr' id='par_1_74' title="bbox 1271 1129 1707 1180">
     <span class='ocr_line' id='line_1_108' title="bbox 1271 1129 1707 1180; baseline -0.002 -12"><span class='ocrx_word' id='word_1_248' title='bbox 1271 1129 1383 1180; x_wconf 83' lang='grc' dir='ltr'>δριμὺ</span> <span class='ocrx_word' id='word_1_249' title='bbox 1408 1129 1453 1168; x_wconf 92' lang='grc' dir='ltr'>τό</span> <span class='ocrx_word' id='word_1_250' title='bbox 1474 1144 1515 1167; x_wconf 88' lang='grc' dir='ltr'>τε</span> <span class='ocrx_word' id='word_1_251' title='bbox 1537 1130 1707 1179; x_wconf 87' lang='grc' dir='ltr'>προϊεῖσι</span> 
     </span>
    </p>

    <p class='ocr_par' dir='ltr' id='par_1_75' title="bbox 1273 1194 1856 1250">
     <span class='ocr_line' id='line_1_109' title="bbox 1273 1194 1856 1250; baseline -0.003 -13"><span class='ocrx_word' id='word_1_252' title='bbox 1273 1198 1315 1237; x_wconf 87' lang='grc' dir='ltr'>ἐν</span> <span class='ocrx_word' id='word_1_253' title='bbox 1341 1195 1370 1237; x_wconf 89' lang='grc' dir='ltr'>δ’</span> <span class='ocrx_word' id='word_1_254' title='bbox 1397 1194 1503 1236; x_wconf 81' lang='grc' dir='ltr'>ἔπεσ’</span> <span class='ocrx_word' id='word_1_255' title='bbox 1525 1196 1669 1250; x_wconf 86' lang='grc' dir='ltr'>ὑσμίνῃ</span> <span class='ocrx_word' id='word_1_256' title='bbox 1694 1194 1856 1247; x_wconf 86' lang='grc' dir='ltr'>ὑπεραέϊ</span> 
     </span>
    </p>
   </div>
   <div class='ocr_carea' id='block_1_41' title="bbox 1264 1264 1659 1316">
    <p class='ocr_par' dir='ltr' id='par_1_76' title="bbox 1264 1264 1659 1316">
     <span class='ocr_line' id='line_1_110' title="bbox 1264 1264 1659 1316; baseline -0.005 -11"><span class='ocrx_word' id='word_1_257' title='bbox 1264 1264 1421 1316; x_wconf 67' lang='grc' dir='ltr'>’Έκτωρ</span> <span class='ocrx_word' id='word_1_258' title='bbox 1442 1264 1659 1314; x_wconf 84' lang='grc' dir='ltr'>Πριαμίδης</span> 
     </span>
    </p>
   </div>
   <div class='ocr_carea' id='block_1_42' title="bbox 1270 1332 1857 3020">
    <p class='ocr_par' dir='ltr' id='par_1_77' title="bbox 1276 1332 1692 1383">
     <span class='ocr_line' id='line_1_111' title="bbox 1276 1332 1692 1383; baseline -0.007 -9"><span class='ocrx_word' id='word_1_259' title='bbox 1276 1332 1446 1373; x_wconf 85' lang='grc' dir='ltr'>Ἀσαῖον</span> <span class='ocrx_word' id='word_1_260' title='bbox 1466 1333 1538 1383; x_wconf 81' lang='grc' dir='ltr'>μὲν</span> <span class='ocrx_word' id='word_1_261' title='bbox 1559 1335 1692 1383; x_wconf 86' lang='grc' dir='ltr'>πρῶτα</span> 
     </span>
    </p>

    <p class='ocr_par' dir='ltr' id='par_1_78' title="bbox 1273 1400 1722 1450">
     <span class='ocr_line' id='line_1_112' title="bbox 1273 1400 1722 1450; baseline -0.004 -8"><span class='ocrx_word' id='word_1_262' title='bbox 1273 1402 1334 1442; x_wconf 83' lang='grc' dir='ltr'>καὶ</span> <span class='ocrx_word' id='word_1_263' title='bbox 1357 1402 1526 1441; x_wconf 89' lang='grc' dir='ltr'>Δόλοπα</span> <span class='ocrx_word' id='word_1_264' title='bbox 1548 1400 1722 1450; x_wconf 88' lang='grc' dir='ltr'>πλησίου</span> 
     </span>
    </p>

    <p class='ocr_par' dir='ltr' id='par_1_79' title="bbox 1272 1467 1857 1646">
     <span class='ocr_line' id='line_1_113' title="bbox 1272 1467 1857 1521; baseline -0.003 -10"><span class='ocrx_word' id='word_1_265' title='bbox 1272 1470 1422 1521; x_wconf 84' lang='grc' dir='ltr'>πληθὺν</span> <span class='ocrx_word' id='word_1_266' title='bbox 1455 1469 1504 1511; x_wconf 82' lang='grc' dir='ltr'>ὡς</span> <span class='ocrx_word' id='word_1_267' title='bbox 1535 1469 1654 1508; x_wconf 87' lang='grc' dir='ltr'>ὁπότε</span> <span class='ocrx_word' id='word_1_268' title='bbox 1690 1467 1857 1520; x_wconf 83' lang='grc' dir='ltr'>ζέφυρος</span> 
     </span>
     <span class='ocr_line' id='line_1_114' title="bbox 1315 1536 1856 1592; baseline -0.004 -14"><span class='ocrx_word' id='word_1_269' title='bbox 1315 1536 1535 1592; x_wconf 79' lang='grc' dir='ltr'>στυφελίξῃ</span> <span class='ocrx_word' id='word_1_270' title='bbox 1567 1538 1761 1589; x_wconf 81' lang='grc' dir='ltr'>ἀργεστᾶο</span> <span class='ocrx_word' id='word_1_271' title='bbox 1795 1536 1856 1576; x_wconf 92' lang='grc' dir='ltr'>νό-</span> 
     </span>
     <span class='ocr_line' id='line_1_115' title="bbox 1317 1623 1400 1646; baseline 0 0"><span class='ocrx_word' id='word_1_272' title='bbox 1317 1623 1400 1646; x_wconf 88' lang='grc' dir='ltr'>τοιο</span> 
     </span>
    </p>

    <p class='ocr_par' dir='ltr' id='par_1_80' title="bbox 1272 1674 1619 1725">
     <span class='ocr_line' id='line_1_116' title="bbox 1272 1674 1619 1725; baseline -0.003 -12"><span class='ocrx_word' id='word_1_273' title='bbox 1272 1674 1467 1725; x_wconf 82' lang='grc' dir='ltr'>ἀργεστᾶο</span> <span class='ocrx_word' id='word_1_274' title='bbox 1489 1674 1619 1712; x_wconf 89' lang='grc' dir='ltr'>νότοιο</span> 
     </span>
    </p>

    <p class='ocr_par' dir='ltr' id='par_1_81' title="bbox 1271 1741 1856 1857">
     <span class='ocr_line' id='line_1_117' title="bbox 1271 1741 1856 1791; baseline -0.005 -10"><span class='ocrx_word' id='word_1_275' title='bbox 1271 1741 1322 1783; x_wconf 86' lang='grc' dir='ltr'>ὣς</span> <span class='ocrx_word' id='word_1_276' title='bbox 1343 1741 1484 1782; x_wconf 85' lang='grc' dir='ltr'>ὄλεκον</span> <span class='ocrx_word' id='word_1_277' title='bbox 1505 1744 1642 1791; x_wconf 85' lang='grc' dir='ltr'>Τρῶας</span> <span class='ocrx_word' id='word_1_278' title='bbox 1666 1743 1856 1790; x_wconf 89' lang='grc' dir='ltr'>παλινορ-</span> 
     </span>
     <span class='ocr_line' id='line_1_118' title="bbox 1317 1810 1419 1857; baseline -0.01 -7"><span class='ocrx_word' id='word_1_279' title='bbox 1317 1810 1419 1857; x_wconf 87' lang='grc' dir='ltr'>μένω</span> 
     </span>
    </p>

    <p class='ocr_par' dir='ltr' id='par_1_82' title="bbox 1272 1877 1545 1928">
     <span class='ocr_line' id='line_1_119' title="bbox 1272 1877 1545 1928; baseline -0.004 -11"><span class='ocrx_word' id='word_1_280' title='bbox 1272 1877 1545 1928; x_wconf 84' lang='grc' dir='ltr'>παλινορμένω</span> 
     </span>
    </p>

    <p class='ocr_par' dir='ltr' id='par_1_83' title="bbox 1272 1943 1857 2055">
     <span class='ocr_line' id='line_1_120' title="bbox 1272 1943 1857 1997; baseline -0.003 -12"><span class='ocrx_word' id='word_1_281' title='bbox 1272 1946 1477 1987; x_wconf 84' lang='grc' dir='ltr'>ἀσπασίως</span> <span class='ocrx_word' id='word_1_282' title='bbox 1518 1945 1731 1997; x_wconf 87' lang='grc' dir='ltr'>φεύγοντες</span> <span class='ocrx_word' id='word_1_283' title='bbox 1768 1943 1857 1985; x_wconf 62' lang='grc' dir='ltr'>ἀνέο</span> 
     </span>
     <span class='ocr_line' id='line_1_121' title="bbox 1314 2031 1433 2055; baseline -0.008 -1"><span class='ocrx_word' id='word_1_284' title='bbox 1314 2031 1433 2055; x_wconf 88' lang='grc' dir='ltr'>πνεον</span> 
     </span>
    </p>

    <p class='ocr_par' dir='ltr' id='par_1_84' title="bbox 1273 2082 1675 2134">
     <span class='ocr_line' id='line_1_122' title="bbox 1273 2082 1675 2134; baseline -0.002 -12"><span class='ocrx_word' id='word_1_285' title='bbox 1273 2082 1353 2123; x_wconf 75' lang='grc' dir='ltr'>ἕνθ’</span> <span class='ocrx_word' id='word_1_286' title='bbox 1378 2082 1515 2133; x_wconf 84' lang='grc' dir='ltr'>ἑλέτην</span> <span class='ocrx_word' id='word_1_287' title='bbox 1536 2082 1675 2134; x_wconf 90' lang='grc' dir='ltr'>δίφρον</span> 
     </span>
    </p>

    <p class='ocr_par' dir='ltr' id='par_1_85' title="bbox 1270 2150 1709 2202">
     <span class='ocr_line' id='line_1_123' title="bbox 1270 2150 1709 2202; baseline -0.005 -12"><span class='ocrx_word' id='word_1_288' title='bbox 1270 2150 1397 2202; x_wconf 83' lang='grc' dir='ltr'>γαίης,</span> <span class='ocrx_word' id='word_1_289' title='bbox 1420 2150 1520 2202; x_wconf 84' lang='grc' dir='ltr'>ἀμφὶ</span> <span class='ocrx_word' id='word_1_290' title='bbox 1543 2151 1584 2190; x_wconf 78' lang='grc' dir='ltr'>δὲ</span> <span class='ocrx_word' id='word_1_291' title='bbox 1607 2150 1709 2189; x_wconf 88' lang='grc' dir='ltr'>ὄσσε</span> 
     </span>
    </p>

    <p class='ocr_par' dir='ltr' id='par_1_86' title="bbox 1272 2218 1857 2338">
     <span class='ocr_line' id='line_1_124' title="bbox 1272 2218 1857 2269; baseline -0.003 -10"><span class='ocrx_word' id='word_1_292' title='bbox 1272 2219 1295 2269; x_wconf 82' lang='grc' dir='ltr'>ἦ</span> <span class='ocrx_word' id='word_1_293' title='bbox 1319 2219 1382 2259; x_wconf 85' lang='grc' dir='ltr'>καὶ</span> <span class='ocrx_word' id='word_1_294' title='bbox 1403 2219 1622 2268; x_wconf 91' lang='grc' dir='ltr'>Παιονίδην</span> <span class='ocrx_word' id='word_1_295' title='bbox 1639 2218 1745 2269; x_wconf 86' lang='grc' dir='ltr'>δουρὶ</span> <span class='ocrx_word' id='word_1_296' title='bbox 1767 2222 1857 2257; x_wconf 91' lang='grc' dir='ltr'>κλυ-</span> 
     </span>
     <span class='ocr_line' id='line_1_125' title="bbox 1315 2285 1627 2338; baseline -0.003 -11"><span class='ocrx_word' id='word_1_297' title='bbox 1315 2286 1383 2328; x_wconf 86' lang='grc' dir='ltr'>τὸν</span> <span class='ocrx_word' id='word_1_298' title='bbox 1408 2285 1627 2338; x_wconf 78' lang='grc' dir='ltr'>ἐξενάριξεν</span> 
     </span>
    </p>

    <p class='ocr_par' dir='ltr' id='par_1_87' title="bbox 1275 2353 1773 2407">
     <span class='ocr_line' id='line_1_126' title="bbox 1275 2353 1773 2407; baseline -0.006 -11"><span class='ocrx_word' id='word_1_299' title='bbox 1275 2356 1336 2396; x_wconf 83' lang='grc' dir='ltr'>καὶ</span> <span class='ocrx_word' id='word_1_300' title='bbox 1360 2355 1489 2407; x_wconf 89' lang='grc' dir='ltr'>βάλεν</span> <span class='ocrx_word' id='word_1_301' title='bbox 1510 2353 1589 2395; x_wconf 84' lang='grc' dir='ltr'>οὐδ’</span> <span class='ocrx_word' id='word_1_302' title='bbox 1612 2354 1686 2405; x_wconf 81' lang='grc' dir='ltr'>ἄρα</span> <span class='ocrx_word' id='word_1_303' title='bbox 1707 2370 1773 2405; x_wconf 90' lang='grc' dir='ltr'>μιν</span> 
     </span>
    </p>

    <p class='ocr_par' dir='ltr' id='par_1_88' title="bbox 1273 2423 1532 2476">
     <span class='ocr_line' id='line_1_127' title="bbox 1273 2423 1532 2476; baseline -0.004 -12"><span class='ocrx_word' id='word_1_304' title='bbox 1273 2423 1381 2476; x_wconf 88' lang='grc' dir='ltr'>κέραι</span> <span class='ocrx_word' id='word_1_305' title='bbox 1404 2423 1532 2475; x_wconf 88' lang='grc' dir='ltr'>ἀγλαέ</span> 
     </span>
    </p>

    <p class='ocr_par' dir='ltr' id='par_1_89' title="bbox 1270 2490 1775 2542">
     <span class='ocr_line' id='line_1_128' title="bbox 1270 2490 1775 2542; baseline -0.006 -9"><span class='ocrx_word' id='word_1_306' title='bbox 1270 2493 1412 2542; x_wconf 76' lang='grc' dir='ltr'>τοξότα</span> <span class='ocrx_word' id='word_1_307' title='bbox 1433 2490 1619 2542; x_wconf 79' lang='grc' dir='ltr'>λωβητὴρ</span> <span class='ocrx_word' id='word_1_308' title='bbox 1642 2491 1707 2530; x_wconf 92' lang='grc' dir='ltr'>καί</span> <span class='ocrx_word' id='word_1_309' title='bbox 1724 2490 1775 2541; x_wconf 86' lang='grc' dir='ltr'>ρα</span> 
     </span>
    </p>

    <p class='ocr_par' dir='ltr' id='par_1_90' title="bbox 1273 2557 1723 2611">
     <span class='ocr_line' id='line_1_129' title="bbox 1273 2557 1723 2611; baseline -0.007 -11"><span class='ocrx_word' id='word_1_310' title='bbox 1273 2560 1298 2611; x_wconf 88' lang='grc' dir='ltr'>ἤ</span> <span class='ocrx_word' id='word_1_311' title='bbox 1318 2559 1349 2600; x_wconf 83' lang='grc' dir='ltr'>τ’</span> <span class='ocrx_word' id='word_1_312' title='bbox 1372 2559 1505 2602; x_wconf 80' lang='grc' dir='ltr'>ἄλλως</span> <span class='ocrx_word' id='word_1_313' title='bbox 1530 2557 1591 2600; x_wconf 85' lang='grc' dir='ltr'>ὑπ’</span> <span class='ocrx_word' id='word_1_314' title='bbox 1615 2559 1723 2608; x_wconf 82' lang='grc' dir='ltr'>ἐμεῖο</span> 
     </span>
    </p>

    <p class='ocr_par' dir='ltr' id='par_1_91' title="bbox 1274 2625 1720 2679">
     <span class='ocr_line' id='line_1_130' title="bbox 1274 2625 1720 2679; baseline -0.004 -10"><span class='ocrx_word' id='word_1_315' title='bbox 1274 2627 1403 2669; x_wconf 83' lang='grc' dir='ltr'>οἰωνοὶ</span> <span class='ocrx_word' id='word_1_316' title='bbox 1425 2629 1467 2667; x_wconf 80' lang='grc' dir='ltr'>δὲ</span> <span class='ocrx_word' id='word_1_317' title='bbox 1493 2626 1581 2679; x_wconf 80' lang='grc' dir='ltr'>περὶ</span> <span class='ocrx_word' id='word_1_318' title='bbox 1602 2625 1720 2667; x_wconf 86' lang='grc' dir='ltr'>πλέες</span> 
     </span>
    </p>

    <p class='ocr_par' dir='ltr' id='par_1_92' title="bbox 1271 2693 1856 2814">
     <span class='ocr_line' id='line_1_131' title="bbox 1271 2693 1856 2748; baseline -0.007 -11"><span class='ocrx_word' id='word_1_319' title='bbox 1271 2697 1365 2748; x_wconf 84' lang='grc' dir='ltr'>ἔστη</span> <span class='ocrx_word' id='word_1_320' title='bbox 1400 2694 1555 2747; x_wconf 86' lang='grc' dir='ltr'>πρόσθ’,</span> <span class='ocrx_word' id='word_1_321' title='bbox 1588 2696 1608 2734; x_wconf 88' lang='grc' dir='ltr'>ὁ</span> <span class='ocrx_word' id='word_1_322' title='bbox 1639 2693 1672 2734; x_wconf 91' lang='grc' dir='ltr'>δ’</span> <span class='ocrx_word' id='word_1_323' title='bbox 1713 2693 1856 2734; x_wconf 89' lang='grc' dir='ltr'>ὄπισθε</span> 
     </span>
     <span class='ocr_line' id='line_1_132' title="bbox 1315 2765 1562 2814; baseline 0.004 -9"><span class='ocrx_word' id='word_1_324' title='bbox 1315 2765 1562 2814; x_wconf 76' lang='grc' dir='ltr'>καθιξόμενος</span> 
     </span>
    </p>

    <p class='ocr_par' dir='ltr' id='par_1_93' title="bbox 1273 2831 1660 2884">
     <span class='ocr_line' id='line_1_133' title="bbox 1273 2831 1660 2884; baseline -0.008 -10"><span class='ocrx_word' id='word_1_325' title='bbox 1273 2832 1343 2874; x_wconf 86' lang='grc' dir='ltr'>τὸν</span> <span class='ocrx_word' id='word_1_326' title='bbox 1365 2833 1407 2873; x_wconf 84' lang='grc' dir='ltr'>δὲ</span> <span class='ocrx_word' id='word_1_327' title='bbox 1427 2831 1535 2882; x_wconf 87' lang='grc' dir='ltr'>μάλα</span> <span class='ocrx_word' id='word_1_328' title='bbox 1555 2831 1660 2884; x_wconf 82' lang='grc' dir='ltr'>χρεώ</span> 
     </span>
    </p>

    <p class='ocr_par' dir='ltr' id='par_1_94' title="bbox 1276 2900 1690 2951">
     <span class='ocr_line' id='line_1_134' title="bbox 1276 2900 1690 2951; baseline -0.007 -10"><span class='ocrx_word' id='word_1_329' title='bbox 1276 2900 1318 2944; x_wconf 83' lang='grc' dir='ltr'>ὃς</span> <span class='ocrx_word' id='word_1_330' title='bbox 1339 2901 1382 2942; x_wconf 85' lang='grc' dir='ltr'>δέ</span> <span class='ocrx_word' id='word_1_331' title='bbox 1408 2903 1440 2940; x_wconf 91' lang='grc' dir='ltr'>κ’</span> <span class='ocrx_word' id='word_1_332' title='bbox 1463 2900 1690 2951; x_wconf 85' lang='grc' dir='ltr'>ἀριστεύῃσι</span> 
     </span>
    </p>

    <p class='ocr_par' dir='ltr' id='par_1_95' title="bbox 1275 2968 1694 3020">
     <span class='ocr_line' id='line_1_135' title="bbox 1275 2968 1694 3020; baseline -0.002 -11"><span class='ocrx_word' id='word_1_333' title='bbox 1275 2968 1485 3020; x_wconf 85' lang='grc' dir='ltr'>ἑστάμεναι</span> <span class='ocrx_word' id='word_1_334' title='bbox 1507 2970 1694 3020; x_wconf 86' lang='grc' dir='ltr'>κρατερῶς</span> 
     </span>
    </p>
   </div>
  </div>
 </body>
</html>
