1974 3305
266 138 350 177 298
565 136 964 176 GLOSSEMATA
1006 137 1505 180 INTERLINEARIA.

263 253 316 278 an
340 238 505 279 scholiis
525 238 951 292 intermarginalibus,
976 254 1151 293 quorum
1183 239 1265 280 alia
1286 244 1349 281 est
1369 241 1501 294 origo.
1564 240 1632 280 Sic
1649 250 1686 293 5,
1715 253 1794 294 199

264 307 389 347 verbo
412 309 649 358 ἐμβεβαῶτα
679 307 1006 361 superscriptum
1037 312 1100 348 est
1130 308 1337 361 glossema
1369 310 1631 359 ἐμβεβηκότα,
1654 308 1798 348 addita

264 375 440 429 Didymi
472 374 684 415 notatione
716 377 834 418 οὕτως
859 375 1132 429 Ἀρίσταρχος,
1157 392 1259 430 quae
1292 377 1342 416 ad
1374 376 1581 416 diversam
1613 381 1796 430 spectare

263 442 430 483 videtur
465 443 714 496 scripturam
756 445 998 496 ἐμμεμαῶτα,
1032 459 1134 498 quae
1165 445 1208 484 in
1239 444 1381 498 paucis
1403 448 1540 485 exstat
1571 444 1793 485 codicibus.

266 516 330 565 18,
354 530 410 571 34
432 531 555 570 supra
576 517 811 568 ἆποτμήξειε
843 518 1048 572 scriptum
1071 517 1118 559 οὗ
1139 504 1231 568 <nuci
1264 520 1381 571 (οὕτω
1414 520 1663 569 Ζηνόδοτος).
1726 518 1792 558 Ib.
1814 524 1836 561 5

262 600 341 642 501
378 591 518 644 (supra
549 590 723 644 ἑλέσθαι)
757 594 860 643 παρὰ
891 593 1095 647 Ζηνοδότῳ
1128 580 1239 645 (ζηνῐῗ
1269 591 1413 645 codex)
1446 592 1622 644 ἀρέσθαι.
1646 606 1685 646 9,
1709 592 1793 648 633

261 663 494 709 τεθυηιῶτος
524 661 585 700 διὰ
614 663 683 699 τοῦ
704 661 730 711 ἦ
750 661 789 700 αἱ
809 659 1083 713 Ἀριστάρχου.
1147 674 1184 712 c),
1204 660 1257 715 38
1281 660 1515 716 διῃρημέυως
1535 661 1795 713 Ἀρίσταρχος

262 727 464 778 ὀτρυνέεις.
530 741 568 780 9,
593 727 674 767 282
698 726 959 781 Ἀρίσταρχος
989 728 1033 768 τὸ
1065 732 1260 781 φονεῦσαι
1291 729 1359 769 τὸν
1384 727 1571 781 “Exropa.
1633 728 1793 769 Eadem

260 794 434 835 aliarum
456 794 693 835 huiusmodi
714 794 1035 835 annotationum
1058 795 1164 835 ratio
1179 800 1243 835 est
1262 810 1365 849 quae
1386 810 1469 836 non
1486 795 1628 836 addito
1649 811 1790 850 gram-

260 863 403 903 matici
425 861 591 902 nomine
612 862 748 903 textui
772 863 926 917 passim
959 864 1258 917 superscriptae
1290 867 1389 904 sunt
1420 864 1471 904 ab
1503 866 1563 905 ὅτι
1584 865 1650 905 vel
1672 867 1791 909 οὕτως
1815 881 1864 906 10

259 931 519 985 incipientes,
543 945 646 985 quae
667 931 823 985 partim
844 930 1073 972 Aristonici
1104 931 1259 985 partim
1291 932 1466 986 Didymi
1498 936 1620 973 sunt:
1654 933 1791 974 cuius-

259 999 372 1041 modi
393 1000 683 1041 annotationes
703 1015 788 1040 non
809 999 919 1041 inter
940 1000 1207 1054 glossemata,
1226 1001 1295 1042 sed
1317 1001 1426 1042 inter
1447 1001 1604 1042 scholia
1624 1002 1758 1056 posui.
