1974 3305
163 242 257 272 100.

162 310 256 338 101.

161 367 254 408 106.

159 433 254 475 108.

628 128 854 170 ΙΛῙΑΔΟΣ
898 131 944 168 K.
988 127 1098 181 (10)
1542 123 1624 163 321

289 229 701 285 δυσμενέες-εἵαται]
726 232 763 271 οἱ
785 231 826 270 δὲ
847 228 1029 280 πολέμιοι
1050 228 1166 280 ἐγγὺς
1187 227 1368 276 κάθηνται

288 297 566 355 μενοινήσωσι]
590 298 870 350 προθυμήσωσι
1048 308 1141 345 104.
1174 296 1218 335 οὔ
1242 293 1332 351 θην]
1357 294 1530 344 οὐδαμῶς
1551 292 1597 343 δή

288 367 420 416 κήδεσι
439 364 678 422 μοχθήσειν]
701 369 784 408 ταῖς
805 365 987 416 φροντίσι
1009 361 1296 413 κακοπαθήσειν

286 435 375 475 ποτὶ
396 433 430 475 δ’
452 435 500 475 αὖ
522 434 584 474 καὶ
605 435 804 486 ἐγείρομεν
825 429 993 487 ἄλλους]
1017 431 1112 481 πρὸς
1132 431 1282 471 τούτοις
1303 431 1345 470 δὲ
1367 430 1428 470 καὶ
1449 429 1536 471 τοὺς
1557 429 1626 469 ἄλ-

97 504 191 543 λους
211 502 420 554 ἐγείρωμεν
1643 504 1666 543 5

160 582 253 624 113.

160 650 252 688 114.

159 714 252 758 115.

287 568 506 627 ἑκαστάτω]
531 568 762 622 πορρωτάτω

284 635 453 695 αἰδοῖον]
477 640 607 680 αἰδοῦς
628 637 739 688 ἄξιον

284 705 366 746 οὐδ’
390 704 600 762 ἐπικεύσω]
629 706 717 746 οὐδὲ
739 705 953 757 ἀποκρύψω

154 783 248 825 117.
280 772 510 831 πονέεσθαι]
535 774 675 814 Verba
706 775 768 814 διὰ
789 773 860 823 τὴν
887 771 1005 821 αὐτὴν
1026 772 1153 812 αἰτίαν
1181 771 1226 810 in
1259 784 1393 824 marg.
1417 768 1628 822 adscripta

95 855 181 881 non
200 840 406 895 glossema
426 845 537 891 sunt,
556 841 626 882 sed
650 841 884 882 referuntur
899 840 951 880 ad
973 839 1160 880 scholion
1183 839 1320 879 versui
1343 838 1422 878 116
1443 836 1624 890 adscrip-
1650 848 1697 873 10

97 913 190 949 tum
211 903 271 950 ὅτι
291 909 336 949 τὸ
358 909 567 950 πονέεσθαι
589 910 651 950 ἐπὶ
672 913 739 950 τοῦ
761 911 931 961 ἐνεργεῖν

158 977 252 1018 118.

158 1056 253 1099 127.

158 1128 252 1170 133.

158 1195 251 1238 134.

159 1260 252 1304 145.

161 1329 255 1375 153.

159 1388 253 1440 156.

285 977 408 1018 οὐκέτ’
429 976 606 1035 ἀνεκτός]
631 979 923 1028 ἀνυπομόνητος

284 1043 369 1103 ἵνα]
395 1047 477 1087 ἐκεῖ
647 1043 888 1101 ἐπέφραδον]
915 1046 1025 1086 εἶπον

283 1112 550 1171 περονήσατο]
578 1115 719 1169 περόνῃ
741 1114 962 1164 ἀνελάβετο
1139 1108 1439 1167 φοινικόεσσαν]
1462 1109 1610 1162 πυρράν

286 1180 483 1239 ἐκταδίην]
508 1183 761 1233 ἐκτεταμένην
936 1180 1053 1238 οὔλη]
1078 1180 1210 1230 ἀπαλή
1651 1188 1698 1225 15

284 1249 496 1308 βεβίηκεν]
520 1250 697 1302 βιάζεται
838 1260 930 1302 152.
958 1250 1034 1290 ὑπὸ
1057 1246 1212 1304 κρασὶν]
1236 1247 1311 1288 ὑπὸ
1332 1251 1415 1289 ταῖς
1437 1249 1629 1298 κεφαλαῖς

287 1317 480 1376 ἐλήλατο]
505 1320 640 1360 ἵστατο
663 1320 718 1361 εἰς
739 1319 808 1369 τὴν
828 1321 904 1371 γῆν

284 1387 359 1429 ὑπὸ
384 1385 595 1443 κράτεσφι]
618 1386 692 1428 ὑπὸ
713 1389 758 1438 τῇ
781 1386 934 1438 κεφαλῇ

160 1456 252 1497 160.
287 1456 355 1497 οὐκ
377 1454 492 1513 ἀΐεις]
517 1456 584 1496 οὐκ
607 1455 773 1511 αἰσθάνῃ

159 1525 253 1566 161.
287 1521 627 1580 ὀλίγος-χῶρος]
649 1523 787 1575 μικρὸν
809 1522 1001 1573 διάστημα
1177 1518 1322 1577 ἐρύκει]
1348 1521 1490 1561 κωλύει
1568 1559 1570 1570 ,
1649 1534 1699 1560 20

159 1593 252 1645 167.
288 1591 506 1649 ἀμήχανος]
530 1592 624 1645 πρὸς
646 1592 689 1633 ὃν
710 1592 776 1632 οὐκ
799 1591 884 1632 ἔστι
905 1591 1060 1644 μηχανή

158 1671 252 1714 174.
285 1659 447 1718 βιῶναι]
472 1662 657 1710 σωθῆναι,
680 1663 792 1710 ζῆσαι

157 1738 251 1782 177.
288 1726 477 1786 ἑέσσατο]
511 1728 769 1779 περιεβάλετο
984 1726 1078 1767 182.
1113 1723 1340 1782 ἐγρηγορτὶ]
1375 1725 1629 1777 ἐγρηγορότες

97 1799 376 1851 (ἔγρηγορῶτες
395 1797 452 1850 Α)

157 1876 248 1920 197.
280 1863 416 1922 ἤϊσαν]
440 1865 670 1917 ἐπορεύοντο
846 1860 1184 1919 συμμητιάασθαι]
1207 1862 1472 1913 βουλεύεσθαι
1648 1872 1697 1911 25

156 1947 252 1977 202.
287 1932 534 1990 πίφαυσκον]
560 1934 699 1986 ἔλεγον
877 1942 971 1984 205.
1006 1929 1236 1987 τολμήεντι]
1262 1930 1469 1984 καρτερικῷ

155 2014 252 2044 212.
288 1999 482 2058 ἀσκηθής]
507 2002 708 2052 ἀβλαβὴς,
728 2000 838 2052 ὑγιής
1012 1997 1144 2056 κλέος]
1169 2000 1292 2049 ὄνομα

156 2070 253 2112 216.
286 2067 524 2126 ὑπόρρηνον]
547 2070 730 2121 ὕπαρνον,
755 2069 894 2121 ἔγκυον
1076 2065 1230 2124 κτέρας]
1255 2069 1378 2118 κτῆμα

155 2148 251 2191 217.
288 2135 531 2193 εἰλαπίνῃσι]
557 2139 707 2189 ἑορταῖς
883 2148 979 2190 223.
1014 2133 1219 2191 θαλπωρή]
1243 2135 1374 2186 ἡδονὴ,
1396 2133 1546 2186 θάλψις

155 2207 251 2250 226.
285 2203 500 2262 βράσσων]
523 2205 773 2257 βραδύτερος,
795 2203 818 2253 ἢ
839 2205 1137 2256 ταρασσόμενος
1646 2215 1698 2251 30

154 2287 208 2330 23
212 2283 252 2327 5.
288 2274 426 2327 ἕταρόν
446 2272 482 2326 γ’
506 2270 703 2329 αἱρήσεαι]
729 2273 881 2323 ἑταῖρον
903 2271 965 2312 καὶ
987 2270 1176 2322 συνεργὸν
1192 2268 1369 2319 ἐπιλέξαι
1385 2268 1430 2310 ὃν
1447 2268 1493 2309 ἂν
1510 2268 1627 2318 θέλῃς

154 2343 250 2399 238.
283 2339 502 2398 ὀπάσσεαι]
524 2342 740 2382 ἀκόλουθον
761 2343 994 2392 περιλαβεῖν

155 2424 252 2467 239.
285 2412 325 2455 ἐς
345 2410 486 2464 γενεὴν
497 2407 649 2466 ὁρόων]
675 2410 730 2451 εἷς
750 2408 819 2459 τὴν
842 2406 1037 2460 εὐγένειαν
1059 2407 1218 2458 ἀφορῶν

155 2479 252 2531 246.
285 2479 348 2520 καὶ
369 2479 411 2520 ἐκ
433 2476 575 2535 πυρὸς]
599 2478 660 2518 καὶ
683 2478 724 2518 ἐκ
746 2480 814 2517 τοῦ
835 2479 1008 2528 φανεροῦ

155 2560 252 2602 249.
287 2544 410 2603 αἴνεε]
434 2547 583 2588 ἐπαίνει
759 2541 895 2600 νείκει]
918 2542 1023 2596 ψέγε
1648 2553 1696 2592 35

154 2624 251 2669 251.
285 2612 439 2671 ἄνεται]
464 2614 631 2664 ἀνύεται,
653 2616 868 2654 τελειοῦται

156 2693 253 2737 254.
288 2680 493 2739 δεινοῖσιν]
517 2685 706 2734 φοβεροῖς

156 2765 180 2795 2
184 2752 253 2804 56.
287 2748 484 2807 ἄμφηκες]
512 2750 555 2790 τὸ
578 2749 625 2800 ἐξ
644 2749 826 2803 ἑκατέρου
846 2749 983 2802 μέρους
1003 2747 1239 2801 ἠκονημένον

157 2833 181 2863 2
185 2819 254 2873 58.
287 2817 484 2874 ταυρείην]
508 2818 738 2870 δερματίνην

156 2888 315 2940 ἄφαλόν
334 2902 379 2927 τε
400 2886 463 2927 καὶ
483 2883 685 2942 ἄλλοφον]
710 2887 796 2927 οὔτε
816 2887 946 2940 λόφον
967 2887 1056 2927 οὔτε
1076 2884 1346 2937 προμετῶπιον
1366 2882 1537 2936 ἔχουσαν
1643 2893 1697 2928 40

156 2951 361 3011 καταῖτυξ]
386 2954 486 2998 εἶδος
506 2955 816 3007 περικεφαλαίας

155 3045 250 3075 VOL.
271 3045 321 3073 ΙΙ.
848 3046 871 3072 Y
