<?xml version="1.0" encoding="UTF-8"?>
<!DOCTYPE html PUBLIC "-//W3C//DTD XHTML 1.0 Transitional//EN"
    "http://www.w3.org/TR/xhtml1/DTD/xhtml1-transitional.dtd">
<html xmlns="http://www.w3.org/1999/xhtml" xml:lang="en" lang="en">
 <head>
  <title>
</title>
<meta http-equiv="Content-Type" content="text/html;charset=utf-8" />
  <meta name='ocr-system' content='tesseract 3.04.00' />
  <meta name='ocr-capabilities' content='ocr_page ocr_carea ocr_par ocr_line ocrx_word'/>
</head>
<body>
  <div class='ocr_page' id='page_1' title='image "./scholiagraecainh02homeuoft_0364.png"; bbox 0 0 1974 3305; ppageno 0'>
   <div class='ocr_carea' id='block_1_1' title="bbox 839 137 1260 189">
    <p class='ocr_par' dir='ltr' id='par_1_1' title="bbox 839 137 1260 189">
     <span class='ocr_line' id='line_1_1' title="bbox 839 137 1260 189; baseline 0 -13"><span class='ocrx_word' id='word_1_1' title='bbox 839 139 1064 177; x_wconf 82' lang='grc' dir='ltr'><strong>ΙΛΙΑΔΟΣ</strong></span> <span class='ocrx_word' id='word_1_2' title='bbox 1108 139 1136 176; x_wconf 93' lang='grc' dir='ltr'>Ι.</span> <span class='ocrx_word' id='word_1_3' title='bbox 1180 137 1260 189; x_wconf 81' lang='lat'>(9)</span> 
     </span>
    </p>
   </div>
   <div class='ocr_carea' id='block_1_2' title="bbox 206 140 1012 3017">
    <p class='ocr_par' dir='ltr' id='par_1_2' title="bbox 206 140 1012 3017">
     <span class='ocr_line' id='line_1_2' title="bbox 214 140 298 181; baseline -0.012 0"><span class='ocrx_word' id='word_1_4' title='bbox 214 140 298 181; x_wconf 86' lang='lat'>358</span> 
     </span>
     <span class='ocr_line' id='line_1_3' title="bbox 332 236 855 290; baseline -0.008 -10"><span class='ocrx_word' id='word_1_5' title='bbox 332 240 398 280; x_wconf 88' lang='lat'>16.</span> <span class='ocrx_word' id='word_1_6' title='bbox 432 239 574 290; x_wconf 88' lang='grc' dir='ltr'>Βορέης</span> <span class='ocrx_word' id='word_1_7' title='bbox 596 239 657 277; x_wconf 85' lang='grc' dir='ltr'>καὶ</span> <span class='ocrx_word' id='word_1_8' title='bbox 680 236 855 289; x_wconf 87' lang='grc' dir='ltr'>Ζέφυρος</span> 
     </span>
     <span class='ocr_line' id='line_1_4' title="bbox 330 307 564 356; baseline -0.004 -7"><span class='ocrx_word' id='word_1_9' title='bbox 330 307 398 349; x_wconf 89' lang='grc'>26.</span> <span class='ocrx_word' id='word_1_10' title='bbox 430 307 564 356; x_wconf 82' lang='grc' dir='ltr'>ἄμυδις</span> 
     </span>
     <span class='ocr_line' id='line_1_5' title="bbox 216 372 1012 428; baseline -0.006 -11"><span class='ocrx_word' id='word_1_11' title='bbox 216 376 310 428; x_wconf 87' lang='lat'><strong>298.</strong></span> <span class='ocrx_word' id='word_1_12' title='bbox 361 385 399 426; x_wconf 92' lang='lat'>7.</span> <span class='ocrx_word' id='word_1_13' title='bbox 432 373 584 415; x_wconf 83' lang='grc' dir='ltr'>πολλὸν</span> <span class='ocrx_word' id='word_1_14' title='bbox 630 374 671 413; x_wconf 82' lang='grc' dir='ltr'>δὲ</span> <span class='ocrx_word' id='word_1_15' title='bbox 725 372 851 425; x_wconf 79' lang='grc' dir='ltr'>παρὲξ</span> <span class='ocrx_word' id='word_1_16' title='bbox 907 374 1012 413; x_wconf 82' lang='grc' dir='ltr'>ἄλλα</span> 
     </span>
     <span class='ocr_line' id='line_1_6' title="bbox 473 441 563 493; baseline 0.011 -12"><span class='ocrx_word' id='word_1_17' title='bbox 473 441 563 493; x_wconf 80' lang='lat' dir='ltr'>(sic)</span> 
     </span>
     <span class='ocr_line' id='line_1_7' title="bbox 328 510 807 563; baseline -0.002 -12"><span class='ocrx_word' id='word_1_18' title='bbox 328 521 396 562; x_wconf 86' lang='lat'>27.</span> <span class='ocrx_word' id='word_1_19' title='bbox 429 511 564 550; x_wconf 86' lang='grc' dir='ltr'>ἵστατο</span> <span class='ocrx_word' id='word_1_20' title='bbox 587 510 807 563; x_wconf 83' lang='grc' dir='ltr'>δακρυχέων</span> 
     </span>
     <span class='ocr_line' id='line_1_8' title="bbox 215 578 853 631; baseline -0.002 -12"><span class='ocrx_word' id='word_1_21' title='bbox 215 591 310 631; x_wconf 87' lang='lat'>299.</span> <span class='ocrx_word' id='word_1_22' title='bbox 334 591 399 620; x_wconf 92' lang='lat'><strong>10.</strong></span> <span class='ocrx_word' id='word_1_23' title='bbox 432 579 482 621; x_wconf 88' lang='grc' dir='ltr'>ὣς</span> <span class='ocrx_word' id='word_1_24' title='bbox 503 580 524 619; x_wconf 84' lang='grc' dir='ltr'>ὁ</span> <span class='ocrx_word' id='word_1_25' title='bbox 544 578 853 631; x_wconf 84' lang='grc' dir='ltr'>βαρυστενάχων</span> 
     </span>
     <span class='ocr_line' id='line_1_9' title="bbox 330 645 808 701; baseline 0 -15"><span class='ocrx_word' id='word_1_26' title='bbox 330 660 395 701; x_wconf 88' lang='grc'>13.</span> <span class='ocrx_word' id='word_1_27' title='bbox 428 646 458 686; x_wconf 71' lang='grc' dir='ltr'><em>ὦ</em></span> <span class='ocrx_word' id='word_1_28' title='bbox 481 648 594 698; x_wconf 89' lang='grc' dir='ltr'>φίλοι</span> <span class='ocrx_word' id='word_1_29' title='bbox 617 645 808 698; x_wconf 80' lang='grc' dir='ltr'>Ἀργείων</span> 
     </span>
     <span class='ocr_line' id='line_1_10' title="bbox 329 714 614 768; baseline 0 -12"><span class='ocrx_word' id='word_1_30' title='bbox 329 727 396 756; x_wconf 90' lang='grc'>22.</span> <span class='ocrx_word' id='word_1_31' title='bbox 431 714 614 768; x_wconf 85' lang='grc' dir='ltr'>σχέτλιος</span> 
     </span>
     <span class='ocr_line' id='line_1_11' title="bbox 328 780 879 832; baseline -0.005 -8"><span class='ocrx_word' id='word_1_32' title='bbox 328 782 394 824; x_wconf 88' lang='grc'>28.</span> <span class='ocrx_word' id='word_1_33' title='bbox 429 783 531 823; x_wconf 78' lang='grc' dir='ltr'>οὔτις</span> <span class='ocrx_word' id='word_1_34' title='bbox 552 798 626 822; x_wconf 87' lang='grc' dir='ltr'>που</span> <span class='ocrx_word' id='word_1_35' title='bbox 651 782 716 821; x_wconf 83' lang='grc' dir='ltr'>Διὶ</span> <span class='ocrx_word' id='word_1_36' title='bbox 738 780 879 832; x_wconf 85' lang='grc' dir='ltr'>μέλλει</span> 
     </span>
     <span class='ocr_line' id='line_1_12' title="bbox 327 850 613 905; baseline -0.003 -15"><span class='ocrx_word' id='word_1_37' title='bbox 327 863 395 905; x_wconf 88' lang='grc'>31.</span> <span class='ocrx_word' id='word_1_38' title='bbox 428 850 477 893; x_wconf 83' lang='grc' dir='ltr'>ὣς</span> <span class='ocrx_word' id='word_1_39' title='bbox 499 850 613 902; x_wconf 60' lang='grc' dir='ltr'>ἔφαθ’</span> 
     </span>
     <span class='ocr_line' id='line_1_13' title="bbox 212 918 1010 973; baseline -0.003 -14"><span class='ocrx_word' id='word_1_40' title='bbox 212 931 310 973; x_wconf 85' lang='grc'><strong>300.</strong></span> <span class='ocrx_word' id='word_1_41' title='bbox 332 928 396 970; x_wconf 88' lang='lat'>17.</span> <span class='ocrx_word' id='word_1_42' title='bbox 430 918 555 968; x_wconf 77' lang='grc' dir='ltr'>ἀλκὴν</span> <span class='ocrx_word' id='word_1_43' title='bbox 611 918 680 967; x_wconf 87' lang='grc' dir='ltr'>μέν</span> <span class='ocrx_word' id='word_1_44' title='bbox 737 934 802 968; x_wconf 85' lang='grc' dir='ltr'>μοι</span> <span class='ocrx_word' id='word_1_45' title='bbox 859 921 1010 968; x_wconf 85' lang='grc' dir='ltr'>πρῶτον</span> 
     </span>
     <span class='ocr_line' id='line_1_14' title="bbox 471 987 669 1028; baseline 0.01 -2"><span class='ocrx_word' id='word_1_46' title='bbox 471 987 669 1028; x_wconf 84' lang='grc' dir='ltr'>ὀνείδισας</span> 
     </span>
     <span class='ocr_line' id='line_1_15' title="bbox 327 1052 750 1106; baseline -0.005 -10"><span class='ocrx_word' id='word_1_47' title='bbox 327 1066 394 1096; x_wconf 91' lang='lat'>22.</span> <span class='ocrx_word' id='word_1_48' title='bbox 429 1052 536 1094; x_wconf 82' lang='grc' dir='ltr'>ἵσασ’</span> <span class='ocrx_word' id='word_1_49' title='bbox 574 1055 750 1106; x_wconf 88' lang='grc' dir='ltr'>Αργείων</span> 
     </span>
     <span class='ocr_line' id='line_1_16' title="bbox 211 1122 852 1177; baseline 0.003 -15"><span class='ocrx_word' id='word_1_50' title='bbox 211 1135 307 1177; x_wconf 86' lang='grc'><strong>301.</strong></span> <span class='ocrx_word' id='word_1_51' title='bbox 361 1135 396 1163; x_wconf 91' lang='lat'>1.</span> <span class='ocrx_word' id='word_1_52' title='bbox 431 1122 557 1175; x_wconf 86' lang='grc' dir='ltr'>ἔρχεο,</span> <span class='ocrx_word' id='word_1_53' title='bbox 584 1122 662 1174; x_wconf 85' lang='grc' dir='ltr'>πάρ</span> <span class='ocrx_word' id='word_1_54' title='bbox 683 1139 743 1163; x_wconf 92' lang='grc' dir='ltr'>τοι</span> <span class='ocrx_word' id='word_1_55' title='bbox 764 1123 852 1165; x_wconf 89' lang='grc' dir='ltr'>ὁδός</span> 
     </span>
     <span class='ocr_line' id='line_1_17' title="bbox 355 1190 565 1245; baseline -0.01 -13"><span class='ocrx_word' id='word_1_56' title='bbox 355 1204 395 1245; x_wconf 86' lang='grc'>3.</span> <span class='ocrx_word' id='word_1_57' title='bbox 430 1190 565 1231; x_wconf 80' lang='grc' dir='ltr'>ἑστᾶσ’</span> 
     </span>
     <span class='ocr_line' id='line_1_18' title="bbox 355 1259 991 1312; baseline 0 -13"><span class='ocrx_word' id='word_1_58' title='bbox 355 1269 393 1311; x_wconf 88' lang='grc'>7.</span> <span class='ocrx_word' id='word_1_59' title='bbox 426 1261 461 1299; x_wconf 78' lang='grc' dir='ltr'>οἱ</span> <span class='ocrx_word' id='word_1_60' title='bbox 483 1261 524 1300; x_wconf 81' lang='grc' dir='ltr'>δὲ</span> <span class='ocrx_word' id='word_1_61' title='bbox 548 1259 608 1299; x_wconf 87' lang='grc' dir='ltr'>καὶ</span> <span class='ocrx_word' id='word_1_62' title='bbox 632 1259 740 1299; x_wconf 87' lang='grc' dir='ltr'>αὐτοὶ</span> <span class='ocrx_word' id='word_1_63' title='bbox 762 1260 991 1312; x_wconf 81' lang='grc' dir='ltr'>φευγόντων</span> 
     </span>
     <span class='ocr_line' id='line_1_19' title="bbox 210 1326 1010 1382; baseline 0 -14"><span class='ocrx_word' id='word_1_64' title='bbox 210 1340 306 1382; x_wconf 88' lang='grc'><strong>302.</strong></span> <span class='ocrx_word' id='word_1_65' title='bbox 359 1340 394 1368; x_wconf 94' lang='grc' dir='ltr'>Ι.</span> <span class='ocrx_word' id='word_1_66' title='bbox 425 1328 590 1377; x_wconf 89' lang='grc' dir='ltr'>Τυδείδη</span> <span class='ocrx_word' id='word_1_67' title='bbox 629 1327 715 1379; x_wconf 81' lang='grc' dir='ltr'>περὶ</span> <span class='ocrx_word' id='word_1_68' title='bbox 750 1326 822 1377; x_wconf 77' lang='grc' dir='ltr'>μὲν</span> <span class='ocrx_word' id='word_1_69' title='bbox 852 1328 1010 1382; x_wconf 76' lang='grc' dir='ltr'>πολέμῳ</span> 
     </span>
     <span class='ocr_line' id='line_1_20' title="bbox 469 1395 950 1449; baseline -0.004 -13"><span class='ocrx_word' id='word_1_70' title='bbox 469 1395 511 1436; x_wconf 74' lang='grc' dir='ltr'>’ἓν</span> <span class='ocrx_word' id='word_1_71' title='bbox 533 1395 626 1449; x_wconf 79' lang='lat' dir='ltr'>(Sic)</span> <span class='ocrx_word' id='word_1_72' title='bbox 650 1397 833 1448; x_wconf 88' lang='grc' dir='ltr'>καρτερός</span> <span class='ocrx_word' id='word_1_73' title='bbox 861 1397 950 1436; x_wconf 83' lang='grc' dir='ltr'>ἐσσι</span> 
     </span>
     <span class='ocr_line' id='line_1_21' title="bbox 354 1464 979 1516; baseline 0 -12"><span class='ocrx_word' id='word_1_74' title='bbox 354 1464 393 1505; x_wconf 88' lang='grc'>6.</span> <span class='ocrx_word' id='word_1_75' title='bbox 427 1465 524 1516; x_wconf 73' lang='grc' dir='ltr'>ἀτὰρ</span> <span class='ocrx_word' id='word_1_76' title='bbox 547 1465 591 1505; x_wconf 84' lang='grc' dir='ltr'>οὐ</span> <span class='ocrx_word' id='word_1_77' title='bbox 613 1464 722 1506; x_wconf 84' lang='grc' dir='ltr'>τέλος</span> <span class='ocrx_word' id='word_1_78' title='bbox 745 1464 826 1505; x_wconf 80' lang='grc' dir='ltr'>ἵκεο</span> <span class='ocrx_word' id='word_1_79' title='bbox 848 1464 979 1514; x_wconf 82' lang='grc' dir='ltr'>μύθων</span> 
     </span>
     <span class='ocr_line' id='line_1_22' title="bbox 329 1532 858 1583; baseline -0.002 -11"><span class='ocrx_word' id='word_1_80' title='bbox 329 1544 393 1572; x_wconf 93' lang='grc'>10.</span> <span class='ocrx_word' id='word_1_81' title='bbox 425 1532 449 1583; x_wconf 84' lang='grc' dir='ltr'>ἢ</span> <span class='ocrx_word' id='word_1_82' title='bbox 470 1533 548 1583; x_wconf 81' lang='grc' dir='ltr'>μὴν</span> <span class='ocrx_word' id='word_1_83' title='bbox 570 1533 634 1573; x_wconf 89' lang='grc' dir='ltr'>καὶ</span> <span class='ocrx_word' id='word_1_84' title='bbox 658 1533 743 1574; x_wconf 90' lang='grc' dir='ltr'>νέος</span> <span class='ocrx_word' id='word_1_85' title='bbox 765 1533 858 1573; x_wconf 82' lang='grc' dir='ltr'>ἐσσί</span> 
     </span>
     <span class='ocr_line' id='line_1_23' title="bbox 328 1600 923 1654; baseline 0.003 -13"><span class='ocrx_word' id='word_1_86' title='bbox 328 1613 393 1654; x_wconf 88' lang='lat'>19.</span> <span class='ocrx_word' id='word_1_87' title='bbox 426 1602 522 1653; x_wconf 83' lang='grc' dir='ltr'>ἀτὰρ</span> <span class='ocrx_word' id='word_1_88' title='bbox 544 1601 770 1652; x_wconf 84' lang='grc' dir='ltr'>πεπνυμένα</span> <span class='ocrx_word' id='word_1_89' title='bbox 789 1600 923 1651; x_wconf 75' lang='grc' dir='ltr'>βάζεις</span> 
     </span>
     <span class='ocr_line' id='line_1_24' title="bbox 326 1671 596 1721; baseline 0 -12"><span class='ocrx_word' id='word_1_90' title='bbox 326 1677 393 1721; x_wconf 97' lang='grc'>25.</span> <span class='ocrx_word' id='word_1_91' title='bbox 426 1671 596 1720; x_wconf 76' lang='grc' dir='ltr'>διίξομαι</span> 
     </span>
     <span class='ocr_line' id='line_1_25' title="bbox 326 1736 610 1789; baseline -0.004 0"><span class='ocrx_word' id='word_1_92' title='bbox 326 1749 393 1789; x_wconf 84' lang='lat'>29·</span> <span class='ocrx_word' id='word_1_93' title='bbox 427 1736 610 1789; x_wconf 71' lang='grc' dir='ltr'>ἀφρήτωρ</span> 
     </span>
     <span class='ocr_line' id='line_1_26' title="bbox 210 1805 615 1859; baseline 0.002 -15"><span class='ocrx_word' id='word_1_94' title='bbox 210 1817 307 1859; x_wconf 86' lang='grc'><strong>303.</strong></span> <span class='ocrx_word' id='word_1_95' title='bbox 356 1817 395 1846; x_wconf 93' lang='grc'>2.</span> <span class='ocrx_word' id='word_1_96' title='bbox 428 1805 552 1856; x_wconf 89' lang='grc' dir='ltr'>δορπά</span> <span class='ocrx_word' id='word_1_97' title='bbox 573 1822 615 1846; x_wconf 87' lang='grc' dir='ltr'>τε</span> 
     </span>
     <span class='ocr_line' id='line_1_27' title="bbox 354 1875 931 1926; baseline -0.002 -12"><span class='ocrx_word' id='word_1_98' title='bbox 354 1886 392 1926; x_wconf 91' lang='grc'>9.</span> <span class='ocrx_word' id='word_1_99' title='bbox 419 1877 557 1915; x_wconf 89' lang='grc' dir='ltr'>πλεῖαί</span> <span class='ocrx_word' id='word_1_100' title='bbox 574 1890 634 1914; x_wconf 92' lang='grc' dir='ltr'>τοι</span> <span class='ocrx_word' id='word_1_101' title='bbox 656 1875 761 1914; x_wconf 88' lang='grc' dir='ltr'>οἵνου</span> <span class='ocrx_word' id='word_1_102' title='bbox 783 1875 931 1913; x_wconf 87' lang='grc' dir='ltr'>κλισίαι</span> 
     </span>
     <span class='ocr_line' id='line_1_28' title="bbox 328 1940 948 1992; baseline 0.002 -11"><span class='ocrx_word' id='word_1_103' title='bbox 328 1953 393 1983; x_wconf 88' lang='lat'>12.</span> <span class='ocrx_word' id='word_1_104' title='bbox 425 1943 536 1983; x_wconf 79' lang='grc' dir='ltr'>πᾶσά</span> <span class='ocrx_word' id='word_1_105' title='bbox 556 1959 616 1982; x_wconf 89' lang='grc' dir='ltr'>τοι</span> <span class='ocrx_word' id='word_1_106' title='bbox 639 1940 720 1983; x_wconf 87' lang='grc' dir='ltr'>ἔσθ’</span> <span class='ocrx_word' id='word_1_107' title='bbox 746 1941 948 1992; x_wconf 80' lang='grc' dir='ltr'>ὑποδεξείη</span> 
     </span>
     <span class='ocr_line' id='line_1_29' title="bbox 324 2009 884 2061; baseline -0.004 -10"><span class='ocrx_word' id='word_1_108' title='bbox 324 2010 391 2051; x_wconf 87' lang='lat'>26.</span> <span class='ocrx_word' id='word_1_109' title='bbox 426 2011 603 2051; x_wconf 84' lang='grc' dir='ltr'>καίουσιν</span> <span class='ocrx_word' id='word_1_110' title='bbox 628 2012 730 2061; x_wconf 78' lang='grc' dir='ltr'>πυρὰ</span> <span class='ocrx_word' id='word_1_111' title='bbox 750 2009 884 2050; x_wconf 89' lang='grc' dir='ltr'>πολλά</span> 
     </span>
     <span class='ocr_line' id='line_1_30' title="bbox 209 2078 993 2132; baseline 0.003 -14"><span class='ocrx_word' id='word_1_112' title='bbox 209 2090 306 2132; x_wconf 82' lang='grc'><strong>304.</strong></span> <span class='ocrx_word' id='word_1_113' title='bbox 352 2090 393 2128; x_wconf 94' lang='lat'>4.</span> <span class='ocrx_word' id='word_1_114' title='bbox 426 2079 574 2119; x_wconf 86' lang='grc' dir='ltr'>τίθεντο</span> <span class='ocrx_word' id='word_1_115' title='bbox 597 2079 638 2119; x_wconf 82' lang='grc' dir='ltr'>δὲ</span> <span class='ocrx_word' id='word_1_116' title='bbox 660 2078 805 2130; x_wconf 87' lang='grc' dir='ltr'>δόρπον</span> <span class='ocrx_word' id='word_1_117' title='bbox 830 2078 993 2120; x_wconf 81' lang='grc' dir='ltr'>ἕκαστος</span> 
     </span>
     <span class='ocr_line' id='line_1_31' title="bbox 327 2145 1005 2201; baseline 0.001 -14"><span class='ocrx_word' id='word_1_118' title='bbox 327 2159 391 2201; x_wconf 88' lang='grc'>13.</span> <span class='ocrx_word' id='word_1_119' title='bbox 425 2148 622 2198; x_wconf 83' lang='grc' dir='ltr'>σκῆπτρόν</span> <span class='ocrx_word' id='word_1_120' title='bbox 655 2149 684 2185; x_wconf 85' lang='grc' dir='ltr'>τ’</span> <span class='ocrx_word' id='word_1_121' title='bbox 713 2146 780 2196; x_wconf 81' lang='grc' dir='ltr'>ἠδὲ</span> <span class='ocrx_word' id='word_1_122' title='bbox 807 2145 1005 2197; x_wconf 84' lang='grc' dir='ltr'>θέμιστας,</span> 
     </span>
     <span class='ocr_line' id='line_1_32' title="bbox 467 2216 952 2270; baseline -0.002 -15"><span class='ocrx_word' id='word_1_123' title='bbox 467 2216 531 2255; x_wconf 85' lang='grc' dir='ltr'>ἵνα</span> <span class='ocrx_word' id='word_1_124' title='bbox 553 2216 671 2265; x_wconf 90' lang='grc' dir='ltr'>σφίσι</span> <span class='ocrx_word' id='word_1_125' title='bbox 697 2216 952 2270; x_wconf 83' lang='grc' dir='ltr'>βουλεύῃσθα</span> 
     </span>
     <span class='ocr_line' id='line_1_33' title="bbox 322 2282 526 2337; baseline 0.01 -15"><span class='ocrx_word' id='word_1_126' title='bbox 322 2295 390 2337; x_wconf 88' lang='grc'>31.</span> <span class='ocrx_word' id='word_1_127' title='bbox 424 2282 526 2333; x_wconf 84' lang='grc' dir='ltr'>εἴξας</span> 
     </span>
     <span class='ocr_line' id='line_1_34' title="bbox 207 2350 1005 2405; baseline 0.001 -15"><span class='ocrx_word' id='word_1_128' title='bbox 207 2359 304 2405; x_wconf 88' lang='grc'><strong>305.</strong></span> <span class='ocrx_word' id='word_1_129' title='bbox 352 2359 392 2404; x_wconf 92' lang='grc'>5.</span> <span class='ocrx_word' id='word_1_130' title='bbox 426 2351 621 2402; x_wconf 85' lang='grc' dir='ltr'>ἀασάμην,</span> <span class='ocrx_word' id='word_1_131' title='bbox 648 2350 728 2391; x_wconf 80' lang='grc' dir='ltr'>οὐδ’</span> <span class='ocrx_word' id='word_1_132' title='bbox 755 2350 868 2393; x_wconf 81' lang='grc' dir='ltr'>αὐτὸς</span> <span class='ocrx_word' id='word_1_133' title='bbox 897 2352 1005 2392; x_wconf 83' lang='grc' dir='ltr'>ἀναί-</span> 
     </span>
     <span class='ocr_line' id='line_1_35' title="bbox 466 2420 943 2470; baseline 0.002 -11"><span class='ocrx_word' id='word_1_134' title='bbox 466 2436 579 2470; x_wconf 89' lang='grc' dir='ltr'>νομαι</span> <span class='ocrx_word' id='word_1_135' title='bbox 601 2420 690 2460; x_wconf 81' lang='grc' dir='ltr'>ἀντί</span> <span class='ocrx_word' id='word_1_136' title='bbox 711 2436 755 2460; x_wconf 93' lang='grc' dir='ltr'>νυ</span> <span class='ocrx_word' id='word_1_137' title='bbox 781 2423 943 2460; x_wconf 86' lang='grc' dir='ltr'>πολλῶν</span> 
     </span>
     <span class='ocr_line' id='line_1_36' title="bbox 353 2486 833 2538; baseline 0.004 -12"><span class='ocrx_word' id='word_1_138' title='bbox 353 2487 390 2527; x_wconf 88' lang='grc'><strong>8.</strong></span> <span class='ocrx_word' id='word_1_139' title='bbox 424 2488 514 2527; x_wconf 87' lang='grc' dir='ltr'>ἀλλ’</span> <span class='ocrx_word' id='word_1_140' title='bbox 542 2488 625 2528; x_wconf 83' lang='grc' dir='ltr'>ἐπεὶ</span> <span class='ocrx_word' id='word_1_141' title='bbox 651 2486 833 2538; x_wconf 82' lang='grc' dir='ltr'>ἀασάμην</span> 
     </span>
     <span class='ocr_line' id='line_1_37' title="bbox 322 2554 1006 2608; baseline 0.003 -12"><span class='ocrx_word' id='word_1_142' title='bbox 322 2554 388 2596; x_wconf 87' lang='grc'><strong>28.</strong></span> <span class='ocrx_word' id='word_1_143' title='bbox 422 2556 535 2596; x_wconf 83' lang='grc' dir='ltr'>δώσω</span> <span class='ocrx_word' id='word_1_144' title='bbox 587 2556 620 2596; x_wconf 82' lang='grc' dir='ltr'>δ’</span> <span class='ocrx_word' id='word_1_145' title='bbox 674 2557 771 2596; x_wconf 80' lang='grc' dir='ltr'>ἑπτὰ</span> <span class='ocrx_word' id='word_1_146' title='bbox 820 2560 1006 2608; x_wconf 87' lang='grc' dir='ltr'>γυναῖκας</span> 
     </span>
     <span class='ocr_line' id='line_1_38' title="bbox 465 2623 641 2674; baseline 0 -11"><span class='ocrx_word' id='word_1_147' title='bbox 465 2623 641 2674; x_wconf 81' lang='grc' dir='ltr'>ἀμύμονα</span> 
     </span>
     <span class='ocr_line' id='line_1_39' title="bbox 206 2691 777 2746; baseline 0.004 -15"><span class='ocrx_word' id='word_1_148' title='bbox 206 2691 302 2746; x_wconf 84' lang='grc'><strong>306.</strong></span> <span class='ocrx_word' id='word_1_149' title='bbox 352 2704 390 2744; x_wconf 92' lang='lat'><strong>9.</strong></span> <span class='ocrx_word' id='word_1_150' title='bbox 423 2693 491 2735; x_wconf 85' lang='grc' dir='ltr'>τὰς</span> <span class='ocrx_word' id='word_1_151' title='bbox 516 2692 586 2743; x_wconf 89' lang='grc' dir='ltr'>μέν</span> <span class='ocrx_word' id='word_1_152' title='bbox 607 2694 644 2733; x_wconf 85' lang='grc' dir='ltr'>οἱ</span> <span class='ocrx_word' id='word_1_153' title='bbox 665 2693 777 2733; x_wconf 81' lang='grc' dir='ltr'>δώσω</span> 
     </span>
     <span class='ocr_line' id='line_1_40' title="bbox 325 2759 1003 2813; baseline 0.004 -14"><span class='ocrx_word' id='word_1_154' title='bbox 325 2769 388 2811; x_wconf 89' lang='grc'>15.</span> <span class='ocrx_word' id='word_1_155' title='bbox 420 2759 471 2811; x_wconf 89' lang='grc' dir='ltr'>μή</span> <span class='ocrx_word' id='word_1_156' title='bbox 500 2777 595 2802; x_wconf 90' lang='grc' dir='ltr'>ποτε</span> <span class='ocrx_word' id='word_1_157' title='bbox 626 2763 694 2812; x_wconf 92' lang='grc' dir='ltr'>τῆς</span> <span class='ocrx_word' id='word_1_158' title='bbox 722 2761 833 2812; x_wconf 80' lang='grc' dir='ltr'>εὐνῆς</span> <span class='ocrx_word' id='word_1_159' title='bbox 863 2761 1003 2813; x_wconf 81' lang='grc' dir='ltr'>ἐπιβή-</span> 
     </span>
     <span class='ocr_line' id='line_1_41' title="bbox 464 2845 574 2869; baseline 0.009 -1"><span class='ocrx_word' id='word_1_160' title='bbox 464 2845 574 2869; x_wconf 87' lang='grc' dir='ltr'>σεται</span> 
     </span>
     <span class='ocr_line' id='line_1_42' title="bbox 325 2895 965 2952; baseline 0.008 -18"><span class='ocrx_word' id='word_1_161' title='bbox 325 2895 388 2935; x_wconf 89' lang='lat'>18.</span> <span class='ocrx_word' id='word_1_162' title='bbox 421 2896 444 2945; x_wconf 87' lang='grc' dir='ltr'>ἣ</span> <span class='ocrx_word' id='word_1_163' title='bbox 468 2896 586 2947; x_wconf 85' lang='grc' dir='ltr'>θέμις,</span> <span class='ocrx_word' id='word_1_164' title='bbox 611 2897 780 2952; x_wconf 80' lang='lat' dir='ltr'><strong>reliquis</strong></span> <span class='ocrx_word' id='word_1_165' title='bbox 802 2898 965 2939; x_wconf 88' lang='lat' dir='ltr'>omissis</span> 
     </span>
     <span class='ocr_line' id='line_1_43' title="bbox 322 2962 771 3017; baseline 0.011 -16"><span class='ocrx_word' id='word_1_166' title='bbox 322 2962 387 3003; x_wconf 90' lang='lat'><strong>26.</strong></span> <span class='ocrx_word' id='word_1_167' title='bbox 422 2966 493 3014; x_wconf 86' lang='grc' dir='ltr'>νῆα</span> <span class='ocrx_word' id='word_1_168' title='bbox 515 2965 601 3008; x_wconf 78' lang='grc' dir='ltr'>ἅλις</span> <span class='ocrx_word' id='word_1_169' title='bbox 623 2968 771 3017; x_wconf 80' lang='grc' dir='ltr'>χρυσοῦ</span> 
     </span>
    </p>
   </div>
   <div class='ocr_carea' id='block_1_3' title="bbox 1081 316 1177 359">
    <p class='ocr_par' dir='ltr' id='par_1_3' title="bbox 1081 316 1177 359">
     <span class='ocr_line' id='line_1_44' title="bbox 1081 316 1177 359; baseline -0.031 0"><span class='ocrx_word' id='word_1_170' title='bbox 1081 316 1177 359; x_wconf 82' lang='lat'>307-</span> 
     </span>
    </p>
   </div>
   <div class='ocr_carea' id='block_1_4' title="bbox 1081 510 1177 563">
    <p class='ocr_par' dir='ltr' id='par_1_4' title="bbox 1081 510 1177 563">
     <span class='ocr_line' id='line_1_45' title="bbox 1081 510 1177 563; baseline 0.01 -15"><span class='ocrx_word' id='word_1_171' title='bbox 1081 510 1177 563; x_wconf 87' lang='grc'><strong>308.</strong></span> 
     </span>
    </p>
   </div>
   <div class='ocr_carea' id='block_1_5' title="bbox 1081 658 1176 698">
    <p class='ocr_par' dir='ltr' id='par_1_5' title="bbox 1081 658 1176 698">
     <span class='ocr_line' id='line_1_46' title="bbox 1081 658 1176 698; baseline 0 -1"><span class='ocrx_word' id='word_1_172' title='bbox 1081 658 1176 698; x_wconf 77' lang='lat'>309-</span> 
     </span>
    </p>
   </div>
   <div class='ocr_carea' id='block_1_6' title="bbox 1078 1066 1174 1109">
    <p class='ocr_par' dir='ltr' id='par_1_6' title="bbox 1078 1066 1174 1109">
     <span class='ocr_line' id='line_1_47' title="bbox 1078 1066 1174 1109; baseline 0.01 -15"><span class='ocrx_word' id='word_1_173' title='bbox 1078 1066 1174 1109; x_wconf 82' lang='lat'><strong>3¹0·</strong></span> 
     </span>
    </p>
   </div>
   <div class='ocr_carea' id='block_1_7' title="bbox 1079 1203 1175 1245">
    <p class='ocr_par' dir='ltr' id='par_1_7' title="bbox 1079 1203 1175 1245">
     <span class='ocr_line' id='line_1_48' title="bbox 1079 1203 1175 1245; baseline 0.01 -15"><span class='ocrx_word' id='word_1_174' title='bbox 1079 1203 1175 1245; x_wconf 84' lang='lat'><strong>311.</strong></span> 
     </span>
    </p>
   </div>
   <div class='ocr_carea' id='block_1_8' title="bbox 1079 1339 1175 1381">
    <p class='ocr_par' dir='ltr' id='par_1_8' title="bbox 1079 1339 1175 1381">
     <span class='ocr_line' id='line_1_49' title="bbox 1079 1339 1175 1381; baseline 0.021 -15"><span class='ocrx_word' id='word_1_175' title='bbox 1079 1339 1175 1381; x_wconf 76' lang='lat'><strong>312.</strong></span> 
     </span>
    </p>
   </div>
   <div class='ocr_carea' id='block_1_9' title="bbox 1078 1681 1174 1723">
    <p class='ocr_par' dir='ltr' id='par_1_9' title="bbox 1078 1681 1174 1723">
     <span class='ocr_line' id='line_1_50' title="bbox 1078 1681 1174 1723; baseline -0.01 0"><span class='ocrx_word' id='word_1_176' title='bbox 1078 1681 1174 1723; x_wconf 80' lang='lat'>313·</span> 
     </span>
    </p>
   </div>
   <div class='ocr_carea' id='block_1_10' title="bbox 1076 1818 1173 1859">
    <p class='ocr_par' dir='ltr' id='par_1_10' title="bbox 1076 1818 1173 1859">
     <span class='ocr_line' id='line_1_51' title="bbox 1076 1818 1173 1859; baseline 0.01 -14"><span class='ocrx_word' id='word_1_177' title='bbox 1076 1818 1173 1859; x_wconf 84' lang='lat'><strong>314.</strong></span> 
     </span>
    </p>
   </div>
   <div class='ocr_carea' id='block_1_11' title="bbox 1077 2087 1173 2133">
    <p class='ocr_par' dir='ltr' id='par_1_11' title="bbox 1077 2087 1173 2133">
     <span class='ocr_line' id='line_1_52' title="bbox 1077 2087 1173 2133; baseline 0.01 -15"><span class='ocrx_word' id='word_1_178' title='bbox 1077 2087 1173 2133; x_wconf 82' lang='lat'><strong>315.</strong></span> 
     </span>
    </p>
   </div>
   <div class='ocr_carea' id='block_1_12' title="bbox 1076 2216 1173 2270">
    <p class='ocr_par' dir='ltr' id='par_1_12' title="bbox 1076 2216 1173 2270">
     <span class='ocr_line' id='line_1_53' title="bbox 1076 2216 1173 2270; baseline 0.01 -15"><span class='ocrx_word' id='word_1_179' title='bbox 1076 2216 1173 2270; x_wconf 82' lang='lat'><strong>316.</strong></span> 
     </span>
    </p>
   </div>
   <div class='ocr_carea' id='block_1_13' title="bbox 1074 2501 1172 2613">
    <p class='ocr_par' dir='ltr' id='par_1_13' title="bbox 1074 2501 1172 2613">
     <span class='ocr_line' id='line_1_54' title="bbox 1074 2501 1172 2545; baseline -0.031 0"><span class='ocrx_word' id='word_1_180' title='bbox 1074 2501 1172 2545; x_wconf 84' lang='lat'>317·</span> 
     </span>
     <span class='ocr_line' id='line_1_55' title="bbox 1074 2558 1170 2613; baseline 0.01 -15"><span class='ocrx_word' id='word_1_181' title='bbox 1074 2558 1170 2613; x_wconf 86' lang='lat'><strong>318.</strong></span> 
     </span>
    </p>
   </div>
   <div class='ocr_carea' id='block_1_14' title="bbox 1073 2777 1170 2819">
    <p class='ocr_par' dir='ltr' id='par_1_14' title="bbox 1073 2777 1170 2819">
     <span class='ocr_line' id='line_1_56' title="bbox 1073 2777 1170 2819; baseline -0.01 0"><span class='ocrx_word' id='word_1_182' title='bbox 1073 2777 1170 2819; x_wconf 85' lang='lat'>319·</span> 
     </span>
    </p>
   </div>
   <div class='ocr_carea' id='block_1_15' title="bbox 1196 235 1911 492">
    <p class='ocr_par' dir='ltr' id='par_1_15' title="bbox 1196 235 1911 357">
     <span class='ocr_line' id='line_1_57' title="bbox 1196 235 1911 291; baseline 0.003 -15"><span class='ocrx_word' id='word_1_183' title='bbox 1196 249 1249 291; x_wconf 83' lang='lat'>30</span> <span class='ocrx_word' id='word_1_184' title='bbox 1282 240 1323 276; x_wconf 69' lang='lat' dir='ltr'>ei:</span> <span class='ocrx_word' id='word_1_185' title='bbox 1345 249 1412 291; x_wconf 83' lang='lat'><strong>32.</strong></span> <span class='ocrx_word' id='word_1_186' title='bbox 1446 239 1548 277; x_wconf 86' lang='grc' dir='ltr'>αἴκε</span> <span class='ocrx_word' id='word_1_187' title='bbox 1569 236 1648 287; x_wconf 82' lang='grc' dir='ltr'>μετ’</span> <span class='ocrx_word' id='word_1_188' title='bbox 1675 235 1858 290; x_wconf 78' lang='grc' dir='ltr'>Ἀργείην</span> <span class='ocrx_word' id='word_1_189' title='bbox 1907 245 1911 247; x_wconf 70' lang='grc'><strong>’</strong></span> 
     </span>
     <span class='ocr_line' id='line_1_58' title="bbox 1229 304 1646 357; baseline 0.007 -13"><span class='ocrx_word' id='word_1_190' title='bbox 1229 318 1263 345; x_wconf 92' lang='lat'>1.</span> <span class='ocrx_word' id='word_1_191' title='bbox 1298 306 1332 345; x_wconf 85' lang='grc' dir='ltr'>εἷ</span> <span class='ocrx_word' id='word_1_192' title='bbox 1354 304 1397 344; x_wconf 81' lang='grc' dir='ltr'>δέ</span> <span class='ocrx_word' id='word_1_193' title='bbox 1417 321 1483 345; x_wconf 92' lang='grc' dir='ltr'>κεν</span> <span class='ocrx_word' id='word_1_194' title='bbox 1499 304 1646 357; x_wconf 76' lang='grc' dir='ltr'>’Ἄργος</span> 
     </span>
    </p>

    <p class='ocr_par' dir='ltr' id='par_1_16' title="bbox 1226 374 1876 492">
     <span class='ocr_line' id='line_1_59' title="bbox 1226 374 1876 425; baseline -0.002 -11"><span class='ocrx_word' id='word_1_195' title='bbox 1226 386 1264 425; x_wconf 90' lang='grc'>9.</span> <span class='ocrx_word' id='word_1_196' title='bbox 1298 374 1544 425; x_wconf 83' lang='grc' dir='ltr'>Χρυσόθεμις</span> <span class='ocrx_word' id='word_1_197' title='bbox 1595 374 1655 413; x_wconf 85' lang='grc' dir='ltr'>καὶ</span> <span class='ocrx_word' id='word_1_198' title='bbox 1706 374 1876 423; x_wconf 84' lang='grc' dir='ltr'>Λαοδίκη</span> 
     </span>
     <span class='ocr_line' id='line_1_60' title="bbox 1341 441 1663 492; baseline 0.003 -11"><span class='ocrx_word' id='word_1_199' title='bbox 1341 442 1401 482; x_wconf 86' lang='grc' dir='ltr'>καὶ</span> <span class='ocrx_word' id='word_1_200' title='bbox 1424 441 1663 492; x_wconf 83' lang='grc' dir='ltr'>Ἰφιάνασσα</span> 
     </span>
    </p>
   </div>
   <div class='ocr_carea' id='block_1_16' title="bbox 1194 509 1877 1105">
    <p class='ocr_par' dir='ltr' id='par_1_17' title="bbox 1197 509 1808 697">
     <span class='ocr_line' id='line_1_61' title="bbox 1198 509 1475 560; baseline -0.007 -10"><span class='ocrx_word' id='word_1_201' title='bbox 1198 522 1264 551; x_wconf 88' lang='grc'>22.</span> <span class='ocrx_word' id='word_1_202' title='bbox 1298 509 1475 560; x_wconf 84' lang='grc' dir='ltr'>δμηθήτω</span> 
     </span>
     <span class='ocr_line' id='line_1_62' title="bbox 1197 579 1808 629; baseline -0.002 -11"><span class='ocrx_word' id='word_1_203' title='bbox 1197 589 1264 629; x_wconf 87' lang='grc'>29.</span> <span class='ocrx_word' id='word_1_204' title='bbox 1298 579 1459 618; x_wconf 81' lang='grc' dir='ltr'>τοῦνεκα</span> <span class='ocrx_word' id='word_1_205' title='bbox 1481 579 1547 618; x_wconf 92' lang='grc' dir='ltr'>καί</span> <span class='ocrx_word' id='word_1_206' title='bbox 1565 594 1605 617; x_wconf 86' lang='grc' dir='ltr'>τε</span> <span class='ocrx_word' id='word_1_207' title='bbox 1626 581 1808 629; x_wconf 84' lang='grc' dir='ltr'>βροτοῖσι</span> 
     </span>
     <span class='ocr_line' id='line_1_63' title="bbox 1225 645 1712 697; baseline 0.006 -12"><span class='ocrx_word' id='word_1_208' title='bbox 1225 646 1263 685; x_wconf 91' lang='grc'>6.</span> <span class='ocrx_word' id='word_1_209' title='bbox 1297 645 1388 685; x_wconf 85' lang='grc' dir='ltr'>ἀλλ’</span> <span class='ocrx_word' id='word_1_210' title='bbox 1411 646 1526 697; x_wconf 87' lang='grc' dir='ltr'>ἄγετε</span> <span class='ocrx_word' id='word_1_211' title='bbox 1549 646 1712 695; x_wconf 88' lang='grc' dir='ltr'>κλητούς</span> 
     </span>
    </p>

    <p class='ocr_par' dir='ltr' id='par_1_18' title="bbox 1200 712 1750 765">
     <span class='ocr_line' id='line_1_64' title="bbox 1200 712 1750 765; baseline 0.002 -13"><span class='ocrx_word' id='word_1_212' title='bbox 1200 712 1262 753; x_wconf 84' lang='grc'>18.</span> <span class='ocrx_word' id='word_1_213' title='bbox 1298 713 1440 763; x_wconf 79' lang='grc' dir='ltr'>Φοῖνιξ</span> <span class='ocrx_word' id='word_1_214' title='bbox 1456 714 1530 764; x_wconf 83' lang='grc' dir='ltr'>μὲν</span> <span class='ocrx_word' id='word_1_215' title='bbox 1550 714 1750 765; x_wconf 85' lang='grc' dir='ltr'>πρώτιστα</span> 
     </span>
    </p>

    <p class='ocr_par' dir='ltr' id='par_1_19' title="bbox 1196 780 1548 833">
     <span class='ocr_line' id='line_1_65' title="bbox 1196 780 1548 833; baseline -0.003 -11"><span class='ocrx_word' id='word_1_216' title='bbox 1196 794 1261 822; x_wconf 90' lang='grc'>20.</span> <span class='ocrx_word' id='word_1_217' title='bbox 1295 782 1415 833; x_wconf 81' lang='grc' dir='ltr'>αὐτὰρ</span> <span class='ocrx_word' id='word_1_218' title='bbox 1432 780 1548 822; x_wconf 83' lang='grc' dir='ltr'>ἔπειτ’</span> 
     </span>
    </p>

    <p class='ocr_par' dir='ltr' id='par_1_20' title="bbox 1196 848 1877 968">
     <span class='ocr_line' id='line_1_66' title="bbox 1196 848 1877 903; baseline -0.001 -13"><span class='ocrx_word' id='word_1_219' title='bbox 1196 859 1261 903; x_wconf 83' lang='grc'>25.</span> <span class='ocrx_word' id='word_1_220' title='bbox 1297 850 1466 900; x_wconf 87' lang='grc' dir='ltr'>κηρύκων</span> <span class='ocrx_word' id='word_1_221' title='bbox 1522 848 1654 891; x_wconf 87' lang='grc' dir='ltr'>Ὀδίος</span> <span class='ocrx_word' id='word_1_222' title='bbox 1714 865 1754 889; x_wconf 86' lang='grc' dir='ltr'>τε</span> <span class='ocrx_word' id='word_1_223' title='bbox 1815 850 1877 890; x_wconf 87' lang='grc' dir='ltr'>καὶ</span> 
     </span>
     <span class='ocr_line' id='line_1_67' title="bbox 1337 917 1568 968; baseline 0.013 -12"><span class='ocrx_word' id='word_1_224' title='bbox 1337 917 1568 968; x_wconf 80' lang='grc' dir='ltr'>Εὐρυβάτης</span> 
     </span>
    </p>

    <p class='ocr_par' dir='ltr' id='par_1_21' title="bbox 1194 986 1509 1040">
     <span class='ocr_line' id='line_1_68' title="bbox 1194 986 1509 1040; baseline 0.003 -15"><span class='ocrx_word' id='word_1_225' title='bbox 1194 998 1262 1040; x_wconf 86' lang='grc'>31.</span> <span class='ocrx_word' id='word_1_226' title='bbox 1295 986 1509 1026; x_wconf 84' lang='grc' dir='ltr'>δενδίλλων</span> 
     </span>
    </p>

    <p class='ocr_par' dir='ltr' id='par_1_22' title="bbox 1196 1053 1725 1105">
     <span class='ocr_line' id='line_1_69' title="bbox 1196 1053 1725 1105; baseline -0.004 -10"><span class='ocrx_word' id='word_1_227' title='bbox 1196 1066 1262 1095; x_wconf 90' lang='lat'><strong>20.</strong></span> <span class='ocrx_word' id='word_1_228' title='bbox 1295 1054 1364 1103; x_wconf 78' lang='grc' dir='ltr'>τὴν</span> <span class='ocrx_word' id='word_1_229' title='bbox 1385 1053 1485 1105; x_wconf 81' lang='grc' dir='ltr'>ἄρετ’</span> <span class='ocrx_word' id='word_1_230' title='bbox 1511 1053 1556 1104; x_wconf 77' lang='grc' dir='ltr'>ἐξ</span> <span class='ocrx_word' id='word_1_231' title='bbox 1577 1053 1725 1104; x_wconf 83' lang='grc' dir='ltr'>ἐνάρων</span> 
     </span>
    </p>
   </div>
   <div class='ocr_carea' id='block_1_17' title="bbox 1191 1121 1875 2394">
    <p class='ocr_par' dir='ltr' id='par_1_23' title="bbox 1191 1121 1875 2394">
     <span class='ocr_line' id='line_1_70' title="bbox 1194 1121 1650 1176; baseline -0.004 -13"><span class='ocrx_word' id='word_1_232' title='bbox 1194 1135 1261 1176; x_wconf 90' lang='lat'>29.</span> <span class='ocrx_word' id='word_1_233' title='bbox 1298 1121 1528 1174; x_wconf 87' lang='grc' dir='ltr'>Πάτροκλος</span> <span class='ocrx_word' id='word_1_234' title='bbox 1551 1122 1593 1162; x_wconf 88' lang='grc' dir='ltr'>δέ</span> <span class='ocrx_word' id='word_1_235' title='bbox 1613 1124 1650 1162; x_wconf 82' lang='grc' dir='ltr'>οἱ</span> 
     </span>
     <span class='ocr_line' id='line_1_71' title="bbox 1199 1190 1699 1246; baseline 0.002 -17"><span class='ocrx_word' id='word_1_236' title='bbox 1199 1203 1214 1229; x_wconf 94' lang='lat' dir='ltr'>I</span> <span class='ocrx_word' id='word_1_237' title='bbox 1227 1202 1262 1230; x_wconf 90' lang='grc' dir='ltr'>Ι.</span> <span class='ocrx_word' id='word_1_238' title='bbox 1299 1190 1393 1246; x_wconf 80' lang='grc' dir='ltr'>αὐτῇ</span> <span class='ocrx_word' id='word_1_239' title='bbox 1417 1191 1489 1231; x_wconf 81' lang='grc' dir='ltr'>σὺν</span> <span class='ocrx_word' id='word_1_240' title='bbox 1506 1191 1699 1242; x_wconf 88' lang='grc' dir='ltr'>φόρμιγγι</span> 
     </span>
     <span class='ocr_line' id='line_1_72' title="bbox 1198 1257 1804 1312; baseline 0.002 -14"><span class='ocrx_word' id='word_1_241' title='bbox 1198 1268 1262 1311; x_wconf 90' lang='lat'><strong>17.</strong></span> <span class='ocrx_word' id='word_1_242' title='bbox 1292 1257 1316 1308; x_wconf 86' lang='grc' dir='ltr'><em>ἧ</em></span> <span class='ocrx_word' id='word_1_243' title='bbox 1342 1259 1454 1310; x_wconf 85' lang='grc' dir='ltr'>φίλοι</span> <span class='ocrx_word' id='word_1_244' title='bbox 1474 1258 1497 1308; x_wconf 79' lang='grc' dir='ltr'>ἢ</span> <span class='ocrx_word' id='word_1_245' title='bbox 1518 1275 1555 1298; x_wconf 93' lang='grc' dir='ltr'>τι</span> <span class='ocrx_word' id='word_1_246' title='bbox 1575 1257 1682 1309; x_wconf 89' lang='grc' dir='ltr'>μάλα</span> <span class='ocrx_word' id='word_1_247' title='bbox 1702 1259 1804 1312; x_wconf 85' lang='grc' dir='ltr'>χρεώ</span> 
     </span>
     <span class='ocr_line' id='line_1_73' title="bbox 1228 1326 1658 1379; baseline 0.002 -13"><span class='ocrx_word' id='word_1_248' title='bbox 1228 1339 1262 1366; x_wconf 95' lang='lat'>1.</span> <span class='ocrx_word' id='word_1_249' title='bbox 1296 1326 1417 1377; x_wconf 77' lang='grc' dir='ltr'>αὐτὰρ</span> <span class='ocrx_word' id='word_1_250' title='bbox 1438 1327 1509 1378; x_wconf 87' lang='grc' dir='ltr'>ὅγε</span> <span class='ocrx_word' id='word_1_251' title='bbox 1531 1330 1658 1379; x_wconf 88' lang='grc' dir='ltr'>κρεῖον</span> 
     </span>
     <span class='ocr_line' id='line_1_74' title="bbox 1222 1394 1631 1449; baseline 0.005 -15"><span class='ocrx_word' id='word_1_252' title='bbox 1222 1396 1249 1434; x_wconf 88' lang='lat'><strong>6</strong></span> <span class='ocrx_word' id='word_1_253' title='bbox 1271 1398 1313 1435; x_wconf 74' lang='lat' dir='ltr'>et</span> <span class='ocrx_word' id='word_1_254' title='bbox 1336 1394 1373 1435; x_wconf 86' lang='lat'>8.</span> <span class='ocrx_word' id='word_1_255' title='bbox 1408 1395 1460 1449; x_wconf 83' lang='grc' dir='ltr'><em>τῷ</em></span> <span class='ocrx_word' id='word_1_256' title='bbox 1483 1395 1517 1435; x_wconf 89' lang='grc' dir='ltr'>δ’</span> <span class='ocrx_word' id='word_1_257' title='bbox 1540 1395 1631 1448; x_wconf 81' lang='grc' dir='ltr'>ἔχεν</span> 
     </span>
     <span class='ocr_line' id='line_1_75' title="bbox 1198 1462 1873 1515; baseline 0 -12"><span class='ocrx_word' id='word_1_258' title='bbox 1198 1476 1261 1504; x_wconf 90' lang='grc'>10.</span> <span class='ocrx_word' id='word_1_259' title='bbox 1295 1463 1413 1515; x_wconf 62' lang='grc' dir='ltr'>αι”τὰρ</span> <span class='ocrx_word' id='word_1_260' title='bbox 1481 1464 1566 1504; x_wconf 88' lang='grc' dir='ltr'>ἐπεὶ</span> <span class='ocrx_word' id='word_1_261' title='bbox 1626 1465 1724 1504; x_wconf 78' lang='grc' dir='ltr'>κατὰ</span> <span class='ocrx_word' id='word_1_262' title='bbox 1789 1462 1873 1514; x_wconf 80' lang='grc' dir='ltr'>πῦρ’</span> 
     </span>
     <span class='ocr_line' id='line_1_76' title="bbox 1333 1531 1426 1582; baseline 0 -10"><span class='ocrx_word' id='word_1_263' title='bbox 1333 1531 1426 1582; x_wconf 83' lang='grc' dir='ltr'>ἐκάη</span> 
     </span>
     <span class='ocr_line' id='line_1_77' title="bbox 1195 1600 1718 1654; baseline 0 -14"><span class='ocrx_word' id='word_1_264' title='bbox 1195 1612 1246 1654; x_wconf 89' lang='grc'><strong>23</strong></span> <span class='ocrx_word' id='word_1_265' title='bbox 1270 1604 1311 1640; x_wconf 72' lang='lat' dir='ltr'>et</span> <span class='ocrx_word' id='word_1_266' title='bbox 1335 1600 1401 1641; x_wconf 89' lang='lat'>26.</span> <span class='ocrx_word' id='word_1_267' title='bbox 1435 1603 1552 1640; x_wconf 83' lang='grc' dir='ltr'>θῦσαι</span> <span class='ocrx_word' id='word_1_268' title='bbox 1574 1601 1718 1652; x_wconf 84' lang='grc' dir='ltr'>ἀνώγει</span> 
     </span>
     <span class='ocr_line' id='line_1_78' title="bbox 1227 1669 1875 1720; baseline 0.002 -13"><span class='ocrx_word' id='word_1_269' title='bbox 1227 1682 1261 1707; x_wconf 92' lang='grc'>1.</span> <span class='ocrx_word' id='word_1_270' title='bbox 1295 1669 1412 1720; x_wconf 76' lang='grc' dir='ltr'>αὐτὰρ</span> <span class='ocrx_word' id='word_1_271' title='bbox 1439 1669 1523 1709; x_wconf 83' lang='grc' dir='ltr'>ἐπεὶ</span> <span class='ocrx_word' id='word_1_272' title='bbox 1544 1670 1683 1710; x_wconf 86' lang='grc' dir='ltr'>πόσιος</span> <span class='ocrx_word' id='word_1_273' title='bbox 1705 1669 1766 1709; x_wconf 83' lang='grc' dir='ltr'>καὶ</span> <span class='ocrx_word' id='word_1_274' title='bbox 1789 1669 1875 1719; x_wconf 87' lang='grc' dir='ltr'>ἐδη-</span> 
     </span>
     <span class='ocr_line' id='line_1_79' title="bbox 1337 1738 1424 1779; baseline 0.023 -2"><span class='ocrx_word' id='word_1_275' title='bbox 1337 1738 1424 1779; x_wconf 79' lang='grc' dir='ltr'>τύος</span> 
     </span>
     <span class='ocr_line' id='line_1_80' title="bbox 1221 1805 1625 1860; baseline 0 -14"><span class='ocrx_word' id='word_1_276' title='bbox 1221 1818 1259 1860; x_wconf 91' lang='grc'>3.</span> <span class='ocrx_word' id='word_1_277' title='bbox 1291 1805 1390 1856; x_wconf 81' lang='grc' dir='ltr'>ἠμὲν</span> <span class='ocrx_word' id='word_1_278' title='bbox 1413 1805 1468 1846; x_wconf 86' lang='grc' dir='ltr'>ἐνὶ</span> <span class='ocrx_word' id='word_1_279' title='bbox 1493 1807 1625 1856; x_wconf 84' lang='grc' dir='ltr'>κλισίῃ</span> 
     </span>
     <span class='ocr_line' id='line_1_81' title="bbox 1196 1873 1446 1925; baseline 0.012 -14"><span class='ocrx_word' id='word_1_280' title='bbox 1196 1882 1259 1925; x_wconf 86' lang='lat'>15.</span> <span class='ocrx_word' id='word_1_281' title='bbox 1292 1873 1446 1924; x_wconf 83' lang='grc' dir='ltr'>ἐνδέξια</span> 
     </span>
     <span class='ocr_line' id='line_1_82' title="bbox 1194 1942 1457 1992; baseline 0.004 -11"><span class='ocrx_word' id='word_1_282' title='bbox 1194 1953 1260 1992; x_wconf 90' lang='lat'>24.</span> <span class='ocrx_word' id='word_1_283' title='bbox 1292 1942 1347 1992; x_wconf 85' lang='grc' dir='ltr'>ἠῶ</span> <span class='ocrx_word' id='word_1_284' title='bbox 1370 1945 1457 1982; x_wconf 85' lang='grc' dir='ltr'>δῖαν</span> 
     </span>
     <span class='ocr_line' id='line_1_83' title="bbox 1194 2022 1261 2062; baseline -0.015 -11"><span class='ocrx_word' id='word_1_285' title='bbox 1194 2022 1261 2062; x_wconf 85' lang='lat'><strong>29.</strong></span> 
     </span>
     <span class='ocr_line' id='line_1_84' title="bbox 1193 2079 1642 2131; baseline 0 -11"><span class='ocrx_word' id='word_1_286' title='bbox 1193 2091 1260 2120; x_wconf 91' lang='lat'>21.</span> <span class='ocrx_word' id='word_1_287' title='bbox 1295 2081 1328 2119; x_wconf 84' lang='grc' dir='ltr'>εἰ</span> <span class='ocrx_word' id='word_1_288' title='bbox 1350 2082 1391 2120; x_wconf 82' lang='grc' dir='ltr'>δὲ</span> <span class='ocrx_word' id='word_1_289' title='bbox 1413 2079 1462 2120; x_wconf 82' lang='grc' dir='ltr'>σὺ</span> <span class='ocrx_word' id='word_1_290' title='bbox 1483 2079 1553 2130; x_wconf 85' lang='grc' dir='ltr'>μέν</span> <span class='ocrx_word' id='word_1_291' title='bbox 1569 2097 1642 2131; x_wconf 87' lang='grc' dir='ltr'>μου</span> 
     </span>
     <span class='ocr_line' id='line_1_85' title="bbox 1191 2148 1490 2202; baseline 0.01 -15"><span class='ocrx_word' id='word_1_292' title='bbox 1191 2160 1258 2202; x_wconf 84' lang='lat'><strong>31.</strong></span> <span class='ocrx_word' id='word_1_293' title='bbox 1291 2148 1490 2198; x_wconf 82' lang='grc' dir='ltr'>Λεσβίδας</span> 
     </span>
     <span class='ocr_line' id='line_1_86' title="bbox 1220 2217 1670 2272; baseline 0.002 -16"><span class='ocrx_word' id='word_1_294' title='bbox 1220 2225 1259 2270; x_wconf 93' lang='grc'>5.</span> <span class='ocrx_word' id='word_1_295' title='bbox 1293 2217 1333 2256; x_wconf 86' lang='grc' dir='ltr'>οἵ</span> <span class='ocrx_word' id='word_1_296' title='bbox 1352 2233 1392 2257; x_wconf 89' lang='grc' dir='ltr'>κε</span> <span class='ocrx_word' id='word_1_297' title='bbox 1415 2234 1463 2258; x_wconf 89' lang='grc' dir='ltr'>σε</span> <span class='ocrx_word' id='word_1_298' title='bbox 1485 2218 1670 2272; x_wconf 88' lang='grc' dir='ltr'>δωτίνῃσι</span> 
     </span>
     <span class='ocr_line' id='line_1_87' title="bbox 1195 2297 1258 2326; baseline 0 -1"><span class='ocrx_word' id='word_1_299' title='bbox 1195 2297 1211 2325; x_wconf 92' lang='lat' dir='ltr'>I</span> <span class='ocrx_word' id='word_1_300' title='bbox 1224 2297 1239 2324; x_wconf 92' lang='lat' dir='ltr'>I</span> <span class='ocrx_word' id='word_1_301' title='bbox 1251 2317 1258 2326; x_wconf 87' lang='lat'>.</span> 
     </span>
     <span class='ocr_line' id='line_1_88' title="bbox 1192 2353 1258 2394; baseline 0 -1"><span class='ocrx_word' id='word_1_302' title='bbox 1192 2353 1258 2394; x_wconf 87' lang='lat'><strong>26.</strong></span> 
     </span>
    </p>
   </div>
   <div class='ocr_carea' id='block_1_18' title="bbox 1190 2435 1258 2476">
    <p class='ocr_par' dir='ltr' id='par_1_24' title="bbox 1190 2435 1258 2476">
     <span class='ocr_line' id='line_1_89' title="bbox 1190 2435 1258 2476; baseline 0 -14"><span class='ocrx_word' id='word_1_303' title='bbox 1190 2435 1258 2476; x_wconf 88' lang='grc'>31.</span> 
     </span>
    </p>
   </div>
   <div class='ocr_carea' id='block_1_19' title="bbox 1220 2490 1756 2543">
    <p class='ocr_par' dir='ltr' id='par_1_25' title="bbox 1220 2490 1756 2543">
     <span class='ocr_line' id='line_1_90' title="bbox 1220 2490 1756 2543; baseline 0.002 -13"><span class='ocrx_word' id='word_1_304' title='bbox 1220 2490 1257 2531; x_wconf 89' lang='grc'>8.</span> <span class='ocrx_word' id='word_1_305' title='bbox 1290 2491 1379 2531; x_wconf 85' lang='grc' dir='ltr'>οὐδέ</span> <span class='ocrx_word' id='word_1_306' title='bbox 1400 2492 1440 2530; x_wconf 90' lang='grc' dir='ltr'>τί</span> <span class='ocrx_word' id='word_1_307' title='bbox 1456 2508 1522 2542; x_wconf 88' lang='grc' dir='ltr'>μοι</span> <span class='ocrx_word' id='word_1_308' title='bbox 1543 2492 1756 2543; x_wconf 88' lang='grc' dir='ltr'>περίκειται</span> 
     </span>
    </p>
   </div>
   <div class='ocr_carea' id='block_1_20' title="bbox 1295 2013 1673 2063">
    <p class='ocr_par' dir='ltr' id='par_1_26' title="bbox 1295 2013 1673 2063">
     <span class='ocr_line' id='line_1_91' title="bbox 1295 2013 1673 2063; baseline 0.005 -13"><span class='ocrx_word' id='word_1_309' title='bbox 1295 2014 1453 2051; x_wconf 84' lang='grc' dir='ltr'>στεῦται</span> <span class='ocrx_word' id='word_1_310' title='bbox 1475 2013 1547 2063; x_wconf 73' lang='grc' dir='ltr'>γὰρ</span> <span class='ocrx_word' id='word_1_311' title='bbox 1570 2015 1673 2061; x_wconf 83' lang='grc' dir='ltr'>νηῶν</span> 
     </span>
    </p>
   </div>
   <div class='ocr_carea' id='block_1_21' title="bbox 1291 2283 1777 2478">
    <p class='ocr_par' dir='ltr' id='par_1_27' title="bbox 1291 2283 1777 2478">
     <span class='ocr_line' id='line_1_92' title="bbox 1291 2283 1698 2337; baseline 0.002 -12"><span class='ocrx_word' id='word_1_312' title='bbox 1291 2283 1529 2336; x_wconf 87' lang='grc' dir='ltr'>τειρομένους</span> <span class='ocrx_word' id='word_1_313' title='bbox 1547 2285 1698 2337; x_wconf 86' lang='grc' dir='ltr'>ἐλέαιρε</span> 
     </span>
     <span class='ocr_line' id='line_1_93' title="bbox 1293 2355 1493 2404; baseline 0.005 -11"><span class='ocrx_word' id='word_1_314' title='bbox 1293 2355 1392 2404; x_wconf 83' lang='grc' dir='ltr'>ὁμῶς</span> <span class='ocrx_word' id='word_1_315' title='bbox 1413 2367 1493 2394; x_wconf 89' lang='lat' dir='ltr'>om.</span> 
     </span>
     <span class='ocr_line' id='line_1_94' title="bbox 1291 2421 1777 2478; baseline 0.002 -16"><span class='ocrx_word' id='word_1_316' title='bbox 1291 2423 1333 2464; x_wconf 86' lang='grc' dir='ltr'>ὅς</span> <span class='ocrx_word' id='word_1_317' title='bbox 1353 2421 1393 2475; x_wconf 88' lang='grc' dir='ltr'>χ’</span> <span class='ocrx_word' id='word_1_318' title='bbox 1415 2422 1549 2473; x_wconf 83' lang='grc' dir='ltr'>ἕτερον</span> <span class='ocrx_word' id='word_1_319' title='bbox 1569 2422 1642 2473; x_wconf 84' lang='grc' dir='ltr'>μὲν</span> <span class='ocrx_word' id='word_1_320' title='bbox 1664 2423 1777 2478; x_wconf 85' lang='grc' dir='ltr'>κεύθῃ</span> 
     </span>
    </p>
   </div>
   <div class='ocr_carea' id='block_1_22' title="bbox 1216 2559 1868 3023">
    <p class='ocr_par' dir='ltr' id='par_1_28' title="bbox 1218 2559 1867 2680">
     <span class='ocr_line' id='line_1_95' title="bbox 1218 2559 1867 2612; baseline 0.003 -13"><span class='ocrx_word' id='word_1_321' title='bbox 1218 2567 1258 2612; x_wconf 91' lang='grc'>5.</span> <span class='ocrx_word' id='word_1_322' title='bbox 1289 2559 1501 2611; x_wconf 79' lang='grc' dir='ltr'>Ἀργείους,</span> <span class='ocrx_word' id='word_1_323' title='bbox 1524 2561 1563 2600; x_wconf 89' lang='grc' dir='ltr'>τί</span> <span class='ocrx_word' id='word_1_324' title='bbox 1587 2561 1627 2599; x_wconf 83' lang='grc' dir='ltr'>δὲ</span> <span class='ocrx_word' id='word_1_325' title='bbox 1652 2559 1751 2600; x_wconf 87' lang='grc' dir='ltr'>λαὸν</span> <span class='ocrx_word' id='word_1_326' title='bbox 1776 2559 1867 2610; x_wconf 85' lang='grc' dir='ltr'>ἀνή-</span> 
     </span>
     <span class='ocr_line' id='line_1_96' title="bbox 1334 2644 1456 2680; baseline 0.008 -13"><span class='ocrx_word' id='word_1_327' title='bbox 1334 2644 1456 2680; x_wconf 88' lang='grc' dir='ltr'>γαγεν</span> 
     </span>
    </p>

    <p class='ocr_par' dir='ltr' id='par_1_29' title="bbox 1249 2695 1720 2749">
     <span class='ocr_line' id='line_1_97' title="bbox 1249 2695 1720 2749; baseline 0.002 -13"><span class='ocrx_word' id='word_1_328' title='bbox 1249 2728 1257 2736; x_wconf 93' lang='grc'>.</span> <span class='ocrx_word' id='word_1_329' title='bbox 1291 2696 1353 2736; x_wconf 85' lang='grc' dir='ltr'>καὶ</span> <span class='ocrx_word' id='word_1_330' title='bbox 1374 2695 1419 2746; x_wconf 85' lang='grc' dir='ltr'>δὴ</span> <span class='ocrx_word' id='word_1_331' title='bbox 1441 2699 1570 2749; x_wconf 86' lang='grc' dir='ltr'>τεῖχος</span> <span class='ocrx_word' id='word_1_332' title='bbox 1591 2695 1720 2747; x_wconf 82' lang='grc' dir='ltr'>ἔδειμε</span> 
     </span>
    </p>

    <p class='ocr_par' dir='ltr' id='par_1_30' title="bbox 1221 2764 1725 2818">
     <span class='ocr_line' id='line_1_98' title="bbox 1221 2764 1725 2818; baseline -0.002 -12"><span class='ocrx_word' id='word_1_333' title='bbox 1221 2777 1258 2806; x_wconf 91' lang='grc'>2.</span> <span class='ocrx_word' id='word_1_334' title='bbox 1293 2764 1369 2805; x_wconf 83' lang='grc' dir='ltr'>ἀπὸ</span> <span class='ocrx_word' id='word_1_335' title='bbox 1392 2765 1540 2818; x_wconf 89' lang='grc' dir='ltr'>τείχεος</span> <span class='ocrx_word' id='word_1_336' title='bbox 1561 2765 1725 2817; x_wconf 84' lang='grc' dir='ltr'>ὀρνύμεν</span> 
     </span>
    </p>

    <p class='ocr_par' dir='ltr' id='par_1_31' title="bbox 1216 2832 1868 2944">
     <span class='ocr_line' id='line_1_99' title="bbox 1216 2832 1868 2884; baseline 0.002 -11"><span class='ocrx_word' id='word_1_337' title='bbox 1216 2846 1257 2884; x_wconf 88' lang='lat'>4.</span> <span class='ocrx_word' id='word_1_338' title='bbox 1291 2833 1380 2874; x_wconf 83' lang='grc' dir='ltr'>ἀλλ’</span> <span class='ocrx_word' id='word_1_339' title='bbox 1423 2834 1521 2874; x_wconf 87' lang='grc' dir='ltr'>ὅσον</span> <span class='ocrx_word' id='word_1_340' title='bbox 1561 2835 1599 2876; x_wconf 84' lang='grc' dir='ltr'>ἐς</span> <span class='ocrx_word' id='word_1_341' title='bbox 1643 2832 1785 2875; x_wconf 80' lang='grc' dir='ltr'>Σκαιάς</span> <span class='ocrx_word' id='word_1_342' title='bbox 1826 2849 1868 2874; x_wconf 91' lang='grc' dir='ltr'>τε</span> 
     </span>
     <span class='ocr_line' id='line_1_100' title="bbox 1331 2903 1457 2944; baseline 0.016 -2"><span class='ocrx_word' id='word_1_343' title='bbox 1331 2903 1457 2944; x_wconf 85' lang='grc' dir='ltr'>πύλας</span> 
     </span>
    </p>

    <p class='ocr_par' dir='ltr' id='par_1_32' title="bbox 1248 2967 1577 3023">
     <span class='ocr_line' id='line_1_101' title="bbox 1248 2967 1577 3023; baseline 0.003 -14"><span class='ocrx_word' id='word_1_344' title='bbox 1248 3002 1254 3009; x_wconf 93' lang='grc'>.</span> <span class='ocrx_word' id='word_1_345' title='bbox 1289 2967 1347 3010; x_wconf 86' lang='grc' dir='ltr'>ἐπ’</span> <span class='ocrx_word' id='word_1_346' title='bbox 1372 2971 1577 3023; x_wconf 83' lang='grc' dir='ltr'>ἰχθυόεντα</span> 
     </span>
    </p>
   </div>
  </div>
 </body>
</html>
