1974 3305
684 146 911 185 ΙΛΙΑΔΟΣ
954 144 999 182 Β.
1043 142 1124 195 (2)
1579 136 1660 176 311

200 257 294 298 131.
327 245 593 303 ἐγχέσπαλοι]
626 246 849 288 πάλλοντες
870 246 934 285 καὶ
955 246 1152 285 κινοῦντες
1172 243 1221 282 τὰ
1241 242 1385 292 δόρατα

200 327 292 370 132.
325 312 538 372 πλάζουσι]
571 317 753 355 πλανῶσι
776 313 838 353 καὶ
860 312 1089 364 ἀπείργουσι
1109 312 1176 359 τῆς
1195 310 1349 358 πολλῆς
1370 307 1582 359 προθυμίας

198 395 292 436 134.
323 381 524 439 βεβάασι]
559 382 856 434 παρεληλύθασι
971 392 1020 433 13
1024 389 1065 433 5.
1098 374 1272 433 σπάρτα]
1299 376 1482 427 σπαρτία,
1507 375 1666 428 σχοινία

199 461 293 507 137.
327 449 441 508 εἵατ’]
476 450 698 499 καθέζονται
872 448 930 488 ἐνὶ
949 444 1154 501 μεγάροις]
1190 446 1232 485 ἐν
1254 448 1334 486 τοῖς
1355 446 1475 487 οἴκοις

196 517 489 576 ποτιδέγμεναι]
522 518 841 571 προσδεχόμεναι
1709 520 1732 559 5

199 587 293 642 138.
326 585 467 644 αὔτως]
501 587 642 638 ὁμοίως
662 585 685 636 ἢ
706 585 876 636 ματαίως
1052 579 1175 638 δεῦρ’]
1211 582 1377 622 ἐνταῦθα

199 669 291 707 141.
323 653 553 712 αἱρήσομεν]
585 654 856 707 πορθήσωμεν,
879 652 1070 703 λάβωμεν

197 737 291 780 143.
322 727 421 776 μετὰ
441 722 614 781 πληθὺν]
648 725 690 764 ἐν
712 723 762 778 τῷ
785 721 927 773 πλήθει

195 805 289 844 144.
321 790 467 849 μακρὰ]
502 792 586 833 ἀντὶ
611 795 679 832 τοῦ
698 791 854 843 μεγάλα

198 861 290 911 146.
323 858 458 917 ὤρορ’]
494 859 676 912 διήγειρε,
699 858 923 911 διετάραξεν
1097 854 1276 912 ἐπαΐξας]
1312 853 1539 908 ἐφορμήσας
1687 864 1735 890 10

191 928 336 981 πατρὸς
358 927 474 986 Διὸς]
510 931 576 968 τοῦ
593 927 635 968 “6
655 927 679 978 ἢ
702 930 768 967 τοῦ
787 925 815 981 >Z
838 925 1098 980 (compendia
1118 925 1230 976 ἡλίου
1251 927 1295 965 et
1314 924 1472 978 χρόνου)

196 1009 289 1050 147.
319 997 425 1048 βαθὺ
444 995 577 1053 λήϊον]
609 996 712 1048 μέγα
737 997 798 1036 καὶ
820 997 992 1047 εὔφορον
1013 995 1230 1046 σιτοφόρου
1251 993 1396 1046 χωρίον

196 1066 290 1118 148.
321 1065 476 1117 λάβρος
508 1062 736 1120 ἐπαιγίζων]
771 1067 952 1115 σφοδρῶς
983 1061 1288 1103 ἐπικαταπνέων.
1350 1061 1403 1100 In
1431 1059 1576 1114 Ebym.
1598 1058 1664 1099 Μ.

133 1148 175 1187 p.
204 1141 303 1186 554,
339 1146 355 1173 1
392 1136 456 1174 est
486 1133 659 1185 σφοδρὸς
686 1131 992 1181 ἐπικαταπνέων,
1023 1131 1067 1171 in
1100 1131 1162 1171 ed.
1194 1129 1443 1170 scholiorum
1476 1128 1667 1169 Romana

136 1201 312 1254 σφοδρὸς
331 1202 475 1243 πνέων.
1690 1210 1737 1249 15

190 1271 259 1311 ἐπί
285 1268 316 1310 τ’
346 1270 458 1321 ἠμύει
496 1268 784 1327 ἀσταχύεσσιν]
829 1268 1116 1310 ἐπικατακλίνει
1149 1268 1191 1307 δὲ
1224 1266 1314 1308 τοὺς
1353 1264 1552 1318 ἀστάχυας
1586 1268 1667 1307 τοῖς

134 1337 331 1391 ἀστάχυσι

198 1418 296 1461 149.
327 1403 535 1462 ἀλαλητῷ]
570 1405 643 1446 σὺν
665 1407 821 1460 θορύβῳ
991 1416 1085 1458 150.
1119 1399 1330 1458 ὑπένερθε]
1363 1400 1613 1442 ὑποκάτωθεν

196 1487 288 1530 151.
323 1472 474 1531 ἵστατ’]
507 1476 677 1527 ὑψοῦται

197 1554 290 1596 153.
323 1541 478 1600 οὐρούς]
511 1545 722 1595 ταφροειδῆ
744 1543 943 1595 ὀρύγματα
1603 1567 1605 1569 >
1690 1558 1740 1583 20

195 1622 288 1665 154.
324 1613 452 1652 οἴκαδε
476 1609 654 1668 ἱεμένων]
690 1613 744 1653 εἷς
765 1611 834 1651 τὸν
853 1611 963 1651 οἶκον
984 1609 1141 1651 ἀπιέναι
1167 1607 1495 1659 προθυμουμένων

189 1679 265 1720 ὑπὸ
286 1681 318 1720 δ’
339 1677 478 1736 ᾕρεον]
513 1677 688 1734 ὑφῄρουν
709 1678 751 1719 δέ
918 1677 1084 1735 ἕρματα]
1119 1677 1343 1730 ἐρείσματα,
1368 1676 1609 1728 στηρίγματα

194 1758 289 1802 155.
316 1745 533 1804 ὑπέρμορα]
562 1749 659 1800 ὑπὲρ
679 1747 724 1788 τὸ
747 1746 991 1799 εἱμαρμένον.
1034 1745 1266 1798 ὀνοματικὸν
1289 1744 1477 1796 ἐπίρρημα

133 1813 295 1873 ἐτύχθη]
334 1815 491 1868 ἐγένετο

195 1892 289 1936 157.
322 1882 353 1924 ὢ
373 1882 513 1941 πόποι]
547 1888 623 1937 φεῦ
643 1889 772 1925 παπαῖ
792 1886 935 1938 (παπαι
957 1882 1043 1924 sine
1064 1885 1237 1924 accentu
1259 1881 1314 1933 A)
1691 1896 1738 1935 25

194 1949 438 2009 Ἀτρυτώνη]
469 1953 736 2002 ἀκαταπόνητε

196 2018 290 2070 164.
323 2018 504 2077 ἀγανοῖς]
538 2021 771 2072 προσηνέσι,
792 2021 928 2072 πράοις

194 2085 347 2144 ἐρήτυε]
382 2087 539 2142 κάτεχε,
561 2089 685 2129 κώλυε

196 2155 290 2206 165.
324 2154 613 2212 ἀμφιελίσσας]
648 2157 702 2198 εἰς
724 2155 885 2208 ἑκάτερα
906 2158 951 2196 τὰ
972 2159 1121 2208 πλευρὰ
1142 2155 1410 2208 στρεφομένας

194 2223 291 2276 167.
325 2222 516 2281 καρήνων]
551 2225 794 2276 ἀκρωτηρίων
1688 2241 1740 2276 30

194 2292 289 2348 169.
323 2294 390 2333 Διὶ
409 2295 524 2344 μῆτιν
546 2290 787 2349 ἀτάλαντον]
820 2291 874 2347 τῷ
899 2291 966 2332 Διὶ
986 2292 1056 2343 τὴν
1078 2292 1293 2342 εὐβουλίαν
1313 2293 1404 2332 ἴσον

196 2369 290 2412 170.
325 2358 586 2417 ἐϋσσέλμοιο]
623 2361 850 2412 εὐκαθέδρου

192 2429 283 2470 ἐπεί
298 2445 367 2480 μιν
389 2427 504 2486 ἄχος]
530 2429 661 2479 ἐπειδὴ
687 2429 803 2469 αὐτὸν
823 2430 927 2480 λύπη

195 2507 290 2549 173.
324 2499 499 2551 διογενὲς
523 2497 755 2550 Λαερτιάδη,
783 2496 1053 2555 πολυμήχαν’]
1089 2497 1346 2550 εὐγενέστατε
1378 2496 1554 2550 Λαέρτου
1584 2499 1666 2546 παῖ,

132 2567 354 2621 πολύτεχνε
1687 2582 1737 2622 35

195 2643 289 2690 179.
321 2633 418 2686 μηδέ
435 2633 471 2674 τ’
495 2633 625 2691 ἐρώει]
653 2637 748 2686 μηδὲ
769 2636 965 2689 συγχώρει

195 2703 287 2745 180.
319 2706 404 2745 σοῖς
425 2702 459 2743 δ’
481 2702 661 2759 ἀγανοῖς]
696 2705 793 2743 καθὰ
815 2705 877 2744 καὶ
899 2705 977 2745 ἄνω
998 2704 1115 2758 χωρὶς
1135 2708 1204 2745 τοῦ
1225 2703 1269 2745 δέ
1289 2702 1520 2754 συνδέσμου.

196 2771 290 2812 182.
323 2769 500 2827 ξυνέηκε]
535 2774 712 2822 συνῆκεν,
733 2771 903 2823 ἤκουσεν

197 2840 291 2894 183.
324 2839 400 2880 ἀπὸ
422 2841 463 2880 δὲ
488 2844 660 2893 χλαῖναν
680 2838 806 2896 βάλε]
834 2843 897 2881 διὰ
917 2840 962 2881 τὸ
982 2840 1034 2892 μὴ
1056 2842 1332 2893 ἐμποδίζεσθαι
1354 2840 1471 2881 αὐτὸν
1494 2840 1569 2881 ὑπὸ
1599 2841 1668 2882 τοῦ

134 2907 308 2958 πλήθους
328 2912 405 2948 τῶν
427 2909 588 2959 ἱματίων
1687 2928 1737 2961 40

198 2976 293 3026 184.
326 2976 367 3018 ὅς
388 2977 425 3016 οἳ
446 2974 601 3033 ὀπήδει]
625 2976 735 3020 ὅστις
757 2977 857 3032 αὐτῷ
881 2977 1086 3028 ἠκολούθει
