1974 3305
624 154 850 191 ΙΛΙΑΔΟΣ
891 153 939 190 Λ.
989 142 1096 202 (11)
1542 142 1623 181 325

156 250 225 291 62.
257 252 387 295 οὔλιος
408 250 550 308 ἀστήρ]
575 252 748 304 ὀλέθριος
769 253 789 291 ὁ
812 252 911 291 κύων
1042 249 1110 301 65.
1137 249 1180 288 ἐν
1202 242 1431 301 πυμάτοισι]
1455 244 1624 298 ἔσχατος

155 319 223 359 66.
257 318 446 377 στεροπή]
470 320 671 372 ἀστραπή’
824 319 891 371 67.
923 315 1131 373 ἀμητῆρες]
1160 315 1339 368 θερισταί

155 387 224 439 69.
256 385 424 444 ταρφέα]
449 391 607 440 συνεχῆ,
629 387 755 428 πυκνά
931 396 996 438 71.
1029 383 1164 441 δῄουν]
1190 384 1392 424 διέκοπτον

157 465 223 507 72.
256 458 343 499 ἴσας
364 455 394 496 δ’
416 453 578 512 ὑσμίνη]
602 455 782 506 ἐξισοῦτο
804 456 935 496 αὐτοῖς
954 454 977 505 ἡ
997 453 1103 506 μάχη

157 532 223 578 73.
256 522 392 582 θῦνον]
416 525 591 576 ἐμμανῶς
612 524 763 575 ὥρμων.
942 532 1009 574 74.
1040 517 1337 576 παρετύγχανε]
1354 521 1482 570 παρῆν
1642 527 1664 566 5

157 601 222 644 77.
255 594 350 633 κατὰ
369 590 538 649 πτύχας]
564 594 658 632 κατὰ
679 593 746 634 τὰς
768 589 908 644 ἐξοχάς

155 660 221 715 83.
255 659 466 718 στεροπήν]
490 662 722 712 λαμπηδόνα
898 658 964 699 86.
998 654 1250 713 ὡπλίσσατο]
1274 656 1486 707 ἡτοίμασεν

155 727 222 780 87.
255 727 515 785 ἐκορέσσατο]
541 730 623 769 ἀντὶ
644 732 711 769 τοῦ
733 728 872 778 ἔκαμεν
1024 738 1091 778 91.
1125 721 1373 780 κεκλόμενοι]
1399 723 1623 764 κελεύοντες

156 808 224 848 94.
258 796 564 854 κατεπάλμενος]
589 797 760 850 ὁρμήσας

155 872 223 917 95.
238 863 467 921 μετώπιον]
491 866 534 906 τὸ
553 865 701 917 μεταξὺ
722 869 798 906 τῶν
819 865 932 906 ὠπῶν
951 864 1078 915 (ὤτων
1097 863 1169 916 A),
1191 863 1234 902 τὸ
1254 862 1481 913 μεσόφρυον
1647 871 1695 896 10

155 933 222 986 96.
254 931 451 988 στεφάνη]
476 933 575 975 εἶδος
596 934 908 985 περικεφαλαίας
1083 929 1223 987 σχέθε]
1248 929 1419 983 ἀντέσχε

153 998 445 1057 χαλκοβάρεια]
474 1001 524 1056 τῷ
546 1002 682 1055 χαλκῷ
705 1000 941 1052 βαρουμένη,
966 1001 986 1039 ὅ
1008 1001 1115 1040 ἐστιν
1138 997 1280 1052 ἰσχυρά

156 1069 225 1122 98.
256 1067 503 1125 πεπάλακτο]
528 1070 768 1120 ἐνεπέφυρτο
914 1081 1006 1118 104.
1037 1064 1288 1123 παρέβασκε]
1313 1063 1559 1118 παραιβάτης
1578 1062 1627 1114 ἦν

155 1139 185 1178 ὥ
206 1135 315 1195 ποτ’]
340 1138 423 1178 ἀντὶ
443 1141 511 1178 τοῦ
534 1139 716 1180 οὕστινας

159 1215 252 1259 105.
285 1204 484 1263 κνημοῖσι]
509 1208 550 1247 ἐν
572 1210 653 1248 τοῖς
674 1206 843 1259 τραχέα-ε
865 1207 999 1247 τόποις
1175 1201 1278 1260 δίδη]
1302 1203 1441 1254 ἔδησεν
1650 1209 1698 1247 15

153 1272 363 1331 μόσχοισι]
388 1276 555 1317 ἁπαλοῖς
651 1271 831 1329 λύγοισι]
857 1275 965 1328 φυτῷ
987 1272 1064 1313 τινὶ
1085 1272 1105 1312 ὃ
1126 1272 1234 1322 ἡμεῖς
1258 1272 1410 1311 κύτινον
1432 1273 1627 1320 καλοῦμεν

158 1343 251 1384 106.
284 1343 428 1384 ἔλυσεν
449 1340 640 1399 ἀποίνων]
665 1343 786 1394 λύτρα
808 1340 1019 1392 δεξάμενος
1040 1339 1235 1381 ἀπέδωκεν

158 1424 250 1464 109.
283 1409 424 1468 ἔλασε]
450 1411 594 1462 ἔπληξε
764 1423 856 1450 110.
889 1405 1177 1464 σπερχόμενος]
1207 1408 1386 1448 σπεύδων
1550 1403 1628 1446 ἀπὸ

96 1478 214 1537 τοῖιν]
243 1479 310 1522 ἀπ’
333 1481 457 1520 αὐτῶν

159 1563 177 1590 1
189 1562 205 1589 I
217 1562 252 1590 I.
285 1546 537 1604 γιγνώσκων]
561 1548 758 1600 γνωρίζων
938 1559 954 1585 1
967 1559 1031 1596 14.
1065 1542 1249 1600 συνέαξε]
1274 1542 1485 1595 συνέτριψε
1568 1560 1570 1573 ³
1652 1556 1701 1581 20

159 1616 253 1658 118.
286 1614 428 1672 δρυμά]
461 1618 658 1668 δρυμῶνας
867 1626 959 1656 122.
990 1610 1257 1668 μενεχάρμην]
1290 1611 1531 1661 ὑπομένοντα
1562 1609 1630 1659 τὴν

97 1686 242 1740 μάχην,
263 1685 478 1736 πολεμικόν

159 1766 253 1804 124.
287 1749 585 1809 Ἀλεξάνδροιο]
609 1753 735 1793 λείπει
756 1752 779 1803 ἡ
801 1751 904 1803 παρά
1059 1748 1153 1791 128.
1187 1745 1448 1802 σιγαλόεντα]
1471 1745 1632 1798 λαμπρά

159 1835 253 1876 129.
288 1818 521 1878 κυκηθήτην]
550 1820 826 1873 ἐταράχθησαν

161 1903 255 1945 130.
284 1886 571 1945 γουναζέσθην]
595 1892 672 1929 τῶν
692 1887 867 1940 γονάτων
887 1888 1068 1938 ἥπτοντο,
1089 1885 1261 1926 ἱκέτευον
1654 1898 1672 1922 2
1680 1894 1702 1932 5

160 1959 254 2014 136.
285 1955 576 2013 προσαυδήτην]
610 1957 894 2009 προσεφῶνουν
1110 1967 1127 1994 Ι
1136 1966 1204 2009 37.
1237 1950 1484 2009 ἀμείλικτον]
1519 1953 1629 2002 ἀηδῆ,

100 2026 276 2079 σκληράν

161 2108 254 2146 141.
288 2096 329 2146 ἐξ
351 2092 460 2150 ἔμεν]
485 2093 684 2146 ἐκπέμψαι

161 2174 255 2216 147.

161 2240 255 2286 153.

161 2301 256 2354 156.

161 2378 255 2422 157.

104 2439 268 2480 ἅπτεται

288 2160 432 2218 ὅλμον]
457 2165 587 2203 κοῖλος
608 2162 732 2203 λίθος.
769 2161 940 2212 κορμίαν.
970 2161 1019 2202 ὡς
1041 2160 1203 2212 ἄχειρον
1226 2159 1289 2199 καὶ
1311 2158 1516 2211 ἀκέφαλον

287 2234 423 2285 χαλκῷ
446 2226 669 2285 δηϊόωντες]
693 2228 789 2279 πρὸς
811 2227 854 2267 τὸ
877 2229 1003 2270 ἱππεῖς
1025 2229 1067 2268 δὲ
1090 2229 1233 2277 ἱππῆας
1653 2241 1704 2276 3ο

288 2297 506 2356 εἰλυφόων]
531 2301 660 2349 εἷλῶν,
683 2297 898 2349 ταράσσων

287 2365 509 2424 πρόρριζος]
532 2366 646 2420 μέχρι
666 2370 742 2407 τῶν
762 2366 888 2418 ῥιζῶν·
932 2368 1010 2405 τῶν
1040 2363 1114 2417 γὰρ
1141 2363 1244 2404 κάτω
1277 2366 1347 2415 γῆς
1378 2363 1422 2403 τὸ
1453 2367 1528 2414 πῦρ
1559 2362 1634 2415 οὐχ

159 2506 278 2558 πυρὸς
299 2503 416 2562 ὁρμῇ]
440 2507 492 2559 τῷ
515 2505 603 2556 πυρὶ
625 2505 940 2555 περιφραστικῶς

164 2574 258 2627 158.

164 2642 257 2685 162.

166 2711 260 2765 163.

165 2779 259 2829 164.

165 2847 258 2898 165.

166 2915 261 2967 167.

166 2983 260 3024 168.

290 2571 457 2629 κάρηνα]
481 2573 557 2613 ἀπὸ
578 2572 714 2625 μέρους
736 2573 931 2622 ἄνθρωποι
1656 2579 1705 2617 35

291 2639 439 2697 κείατο]
464 2642 614 2682 ἔκειντο

291 2707 435 2765 ὕπαγε]
458 2708 673 2760 ὑπεξέφερε

291 2777 332 2818 ἔκ
354 2778 389 2817 θ’
413 2774 592 2833 αἵματος]
616 2777 658 2816 ἐκ
678 2778 747 2815 τοῦ
768 2777 894 2828 φόνου
1070 2772 1270 2830 κυδοιμοῦ]
1296 2776 1462 2826 κραυγῆς

291 2842 508 2900 σφεδανόν]
533 2843 745 2885 ἐπεικτικὸν
767 2842 978 2897 (ἐπικτικὸν
998 2842 1067 2895 Α),
1090 2842 1276 2894 σφοδρὸν,
1302 2842 1615 2891 καταπληκτικόν

287 2912 450 2970 ἐρινεὸν]
475 2916 571 2964 συκῆ
595 2914 710 2965 ἀγρία
1583 2962 1588 2964 ⁷
1656 2923 1706 2957 40

295 2982 436 3034 ἱέμενοι
457 2979 613 3038 πόλιος]
642 2983 913 3032 ἐπιθυμοῦντες
935 2981 1114 3021 ἀνελθεῖν
1137 2979 1199 3019 ἐπὶ
1221 2981 1284 3029 τῆς
1309 2979 1462 3021 πόλεως
