1974 3305
251 122 337 161 320
784 121 1008 159 ιΛιΑΔοΣ
1053 121 1099 158 K.
1143 117 1254 170 (10)

310 221 406 273 685.
441 219 571 277 δήετε]
597 222 779 271 εὑρήσετε
953 216 1121 275 τέκμωρ]
1145 218 1260 260 τέλος

309 290 405 342 687.
437 287 648 346 ὑπερέσχε]
672 289 929 341 ὑπερασπίζει
1105 286 1200 340 689.
1232 281 1481 342 πεπνυμένω]
1507 283 1689 336 φρόνιμοι

307 359 360 412 69
365 368 402 411 5.
437 356 527 415 δήν]
553 358 616 399 ἐπὶ
638 359 740 398 πολύ
926 353 1140 412 τετιηότες]
1163 355 1402 405 λυπούμενοι

310 439 405 479 700.
439 430 507 468 νῦν
528 428 574 467 αὖ
596 424 671 483 -]
697 425 842 476 αὐθάδη
865 429 933 466 νῦν
955 425 1142 474 ἐποίησας
1163 423 1281 464 αὐτὸν
1302 421 1424 462 πλέον
1447 421 1507 461 καὶ
1529 420 1755 471 ἐφυσίωσας

310 505 403 547 705.
438 492 733 551 τεταρπόμενοι]
759 494 1008 546 κορεσθέντες
1799 496 1822 536 5

310 575 403 616 714.
436 565 556 605 ὕπνου
578 561 719 619 δῶρον]
744 565 1067 615 περιφραστικῶς,
1089 560 1156 600 τὸν
1176 562 1310 608 ὕπνον,
1334 559 1404 609 τὴν
1426 557 1647 598 ἀνάπαυσιν

897 688 943 725 K.
1007 687 1021 737 (
1045 686 1098 724 10
1120 685 1133 735 )

313 781 347 807 Ι.
385 764 646 822 Παναχαιῶν]
671 765 831 805 πάντων
851 768 929 804 τῶν
949 762 1158 813 Ἑλλήνων

379 832 563 890 μαλακῷ]
587 835 673 884 ἡδεῖ
844 829 1093 888 δεδμημένοι]
1118 831 1368 883 κατεχόμενοι

340 936 347 943 .
381 900 633 958 ὁρμαίνοντα]
657 902 946 952 βουλευόμενον
1806 909 1853 935 10

380 968 590 1027 ἐπάλυνεν]
615 970 820 1011 ἐλεύκανεν

310 983 346 1079 00ξῖ
307 918 335 953 42
311 848 347 876 ιο

340 1071 347 1079 .
379 1037 491 1095 ποθι]
516 1038 561 1089 δή
736 1035 1009 1094 πευκεδανοῖο]
1034 1039 1184 1088 πικροῦ,
1207 1035 1388 1087 ὀλεθρίου

309 1121 347 1162 9.
382 1105 529 1164 πυκίν’]
553 1110 715 1156 πυκνῶς,
740 1110 914 1159 συνεχῶς

311 1189 375 1216 10.
409 1174 576 1232 νειόθεν]
601 1177 643 1215 ἐκ
664 1175 823 1227 βάθους,
847 1175 1020 1215 κάτωθεν

311 1258 376 1300 13.
409 1242 574 1301 ὅμαδον]
599 1245 726 1285 λείπει
746 1243 790 1283 τὸ
812 1243 962 1284 ἀκούων
1131 1250 1194 1293 15.
1228 1237 1537 1296 προθελύμνους]
1561 1240 1783 1291 προρρίζους
1806 1255 1852 1293 15

311 1313 376 1354 16.
407 1311 524 1366 ὑψόθ’
549 1313 650 1354 ἐόντι
673 1309 769 1368 Διί]
792 1312 918 1351 λείπει
939 1310 984 1351 τὸ
1008 1311 1293 1362 ἀποδυρόμενος

312 1395 375 1436 19.
405 1379 539 1438 μῆτιν]
565 1381 796 1431 συμβουλήν

309 1463 376 1506 23.
410 1447 618 1506 δαφοινόν]
645 1449 834 1501 φοβερὸν,
857 1445 1218 1498 καταπληκτικὸν,ἣ
1241 1446 1284 1486 τὸ
1307 1447 1348 1486 ἐκ
1370 1447 1560 1498 δαφοινοῦ
1581 1445 1643 1485 καὶ
1666 1461 1782 1484 κατα·

250 1522 471 1570 πληπτικοῦ
491 1519 654 1561 λέοντος

310 1600 377 1640 27.
408 1588 468 1628 τοὶ
489 1588 534 1638 δὴ
556 1588 641 1628 ἕθεν
664 1584 810 1642 εἵνεκα]
840 1587 980 1628 οἵτινες
1002 1585 1114 1626 ἕνεκα
1135 1585 1253 1624 αὐτοῦ
1273 1583 1398 1634 ἦλθον
1804 1600 1853 1625 20

308 1657 458 1698 πουλὺν
479 1654 539 1708 ἐφ’
562 1653 703 1711 ὑγρήν]
729 1656 791 1695 ἐπὶ
814 1653 966 1704 πολλὴν
988 1653 1197 1693 θάλασσαν

309 1738 377 1781 30.
411 1725 472 1765 ἐπὶ
496 1723 696 1775 στεφάνην
715 1720 792 1779 -]
816 1721 912 1775 πρὸς
932 1721 999 1762 τὸν
1020 1720 1152 1774 αὐχέν’
1174 1719 1248 1761 ὑπὸ
1271 1719 1470 1771 στεφάνην

310 1806 377 1848 31.
410 1790 574 1848 παχείῃ]
600 1791 742 1845 ἰσχυρᾷ
917 1798 985 1844 35.
1019 1786 1234 1845 ἀσπάσιος]
1258 1789 1349 1839 ἡδύς

308 1875 377 1913 41.
411 1859 541 1917 ἔσται]
567 1862 623 1911 εἵη
797 1872 866 1913 43.
899 1859 1002 1912 χρεὼ
1024 1856 1192 1914 βουλῆς]
1217 1859 1330 1910 χρεία
1353 1859 1581 1908 συμβουλῆς

309 1944 378 1981 44.
412 1926 638 1985 κερδαλέης]
664 1929 895 1979 ἐπωφελοῦς
1069 1926 1139 1976 48.
1171 1924 1347 1982 μέρμερ’]
1371 1927 1554 1979 μερίμνης
1575 1926 1663 1976 ἄξια
1803 1939 1850 1978 25

309 2008 377 2051 51.
411 1996 533 2054 φημί]
557 1999 708 2038 ὑπονοῶ
883 2005 952 2047 52.
983 1993 1156 2052 μήσατο]
1183 1995 1393 2047 εἰργάσατο

309 2077 377 2120 55.
409 2069 451 2107 αἵ
470 2084 511 2107 κε
532 2064 706 2122 πίθηται]
732 2066 797 2106 ἐὰν
820 2066 990 2116 δύνηται·
1033 2064 1156 2116 γέρων
1176 2065 1252 2116 γὰρ
1273 2063 1321 2114 ἧν

308 2135 377 2188 56.
410 2132 541 2191 τέλος]
565 2134 609 2174 τὸ
630 2135 760 2186 τάγμα
935 2132 1002 2185 65.
1036 2130 1328 2189 ἀβροτάξομεν]
1353 2132 1610 2185 ἆποτύχωμεν

309 2203 377 2256 67.
410 2201 434 2259 ᾗ
456 2220 522 2244 κεν
543 2199 679 2259 ἴῃσθα]
705 2202 797 2242 ἔνθα
818 2201 868 2242 ἂν
888 2203 1078 2257 πορευθῇς
1099 2200 1161 2241 καὶ
1183 2200 1439 2254 ἐγρηγορέναι
1462 2201 1596 2241 κέλευε

309 2272 376 2326 69.
407 2271 504 2323 μηδὲ
524 2271 733 2324 μεγαλίζεο
756 2268 882 2327 θυμῷ]
905 2271 1001 2321 μηδὲ
1024 2270 1183 2322 ἐπαίρου
1204 2269 1250 2320 τῇ
1274 2270 1426 2323 διανοίᾳ
1447 2268 1492 2309 δι’
1515 2269 1782 2321 ὑπερηφανίαν
1800 2289 1852 2326 30

311 2353 376 2393 71.
410 2341 470 2381 ἐπὶ
486 2340 771 2392 γεινομένοισιν
793 2336 862 2396 ἵει]
887 2342 967 2381 τοῖς
985 2339 1043 2378 ἀεὶ
1060 2337 1343 2389 ἇναφυομένοις
1359 2337 1587 2389 πράγμασιν
1603 2337 1781 2388 ἔπεμψεν

310 2420 377 2462 79.
410 2408 600 2460 ἐπέτραπε
621 2406 736 2460 γήραϊ
757 2405 909 2464 λυγρῷ]
939 2407 1141 2448 τουτέστιν
1168 2406 1257 2447 οὐδὲ
1277 2405 1351 2446 ὑπὸ
1372 2409 1440 2446 τοῦ
1464 2404 1591 2458 γήρως
1613 2405 1778 2455 ἐνικᾶτο,

251 2477 317 2518 οὐκ
341 2479 467 2518 ἐδίδου
490 2476 677 2529 (ἐνεδίδου
700 2475 898 2530 Cobefius)

310 2545 374 2599 83.
407 2542 621 2601 ὀρφναίην]
646 2544 849 2595 σκοτεινὴν
1025 2542 1092 2594 84.
1126 2541 1293 2600 οὐρήων]
1318 2542 1506 2594 φυλάκων

311 2614 377 2667 89.
412 2614 533 2654 εἰσόκ’
556 2611 698 2668 ἀϋτμὴ]
725 2614 796 2655 ἕως
818 2613 861 2653 οὗ
882 2613 905 2663 ἡ
928 2610 1101 2662 ἁναπνοή
1801 2629 1850 2668 35

309 2695 377 2736 93.
409 2680 496 2733 πέρι
518 2679 660 2738 δείδια]
685 2680 928 2721 correctum
949 2681 1036 2732 περὶ
1051 2682 1186 2730 δείδια,
1203 2679 1480 2734 superscripto
1502 2683 1620 2734 διχῶς
1641 2674 1697 2732 (23x
1717 2679 1773 2734 A)

311 2764 377 2804 94.
412 2747 702 2806 ἀλαλύκτημαι]
727 2750 767 2790 ἐν
788 2750 865 2800 ἄλῃ
886 2749 948 2789 καὶ
968 2748 1099 2805 πλάνῃ
1122 2749 1208 2800 εἰμὶ,
1233 2750 1424 2801 ἀδημονῶ,
1446 2747 1714 2801 ἐκπέπληγμαι

312 2818 378 2872 96.
413 2815 598 2874 δραίνεις]
623 2819 803 2867 ἐπινοεῖς,
825 2819 962 2869 δρᾶσαι
984 2818 1148 2858 δύνασαι

313 2886 379 2939 98.
414 2885 568 2941 καμάτῳ
591 2884 792 2944 ἀδηκότες]
815 2885 890 2927 ὑπὸ
912 2887 1032 2927 κόπου
1055 2887 1178 2938 ἀηδῶς
1201 2887 1443 2937 διακείμενοι,
1465 2885 1700 2937 ὀκνήσαντες

313 2967 379 3006 99.
414 2955 474 2994 ἐπὶ
497 2951 648 3011 πάγχυ]
672 2958 871 2997 παντελῶς
1800 2974 1850 3008 40
