1974 3305
163 254 258 297 297·

162 314 257 367 298.

634 143 860 182 ιΑΙΑΔοΣ
902 142 948 180 A.
993 140 1104 193 (11)
1548 139 1632 178 327

291 243 467 302 ὑπεραέὶ]
489 247 780 298 ὑπερβάλλοντι
799 261 845 301 τη
867 243 968 300 πνοῇ

291 312 582 372 καθαλλομένη]
606 315 881 357 κατάπνέουσα
903 313 977 368 (Sic
1000 312 1061 353 ed.
1087 311 1302 352 Romana:
1335 303 1384 350 κᾶ
1404 325 1455 349 πν
1458 325 1500 348 ευ
1520 307 1575 360 A)

163 380 326 440 ἰοειδέα]
349 383 501 434 μέλανα
524 386 588 424 διὰ
607 384 652 424 τὸ
673 383 798 433 βάθος

161 451 258 505 306.

162 529 259 574 307.

161 587 259 642 308.

161 669 258 711 313·

103 725 250 777 χρόνον

161 791 257 846 318.

160 860 259 915 326.

160 938 258 983 327.

159 1009 259 1051 332·

160 1077 258 1120 334-

160 1141 257 1187 350·

161 1209 259 1256 351·

103 1285 244 1321 τρητον

162 1337 260 1393 358.

106 1406 228 1461 νέχθη

163 1484 261 1530 359·

163 1544 261 1598 364-

94 1656 96 1658 ,
116 1666 123 1673 .
161 1612 260 1667 365.

163 1681 262 1736 367·

162 1759 261 1804 374-

163 1827 260 1874 377-

163 1885 262 1942 383·

164 1955 261 2010 385

292 453 488 505 ἀργεστᾶο
510 449 659 508 νότοιο]
682 454 751 492 τοῦ
770 452 1006 492 λευκονότου

292 521 409 572 τρόφι
437 517 556 576 κῦμα]
581 520 785 573 εὐτραφὲς,
810 518 974 571 εὐπαγές
1149 512 1270 571 ἄχνη]
1295 516 1316 555 ὁ
1338 515 1462 566 ἀφρός
1655 527 1677 566 5

291 587 611 641 πολυπλάγκτοιο
637 586 746 645 ἰωῆς]
770 584 1078 636 πολυπλανήτου
1099 586 1218 634 πνοῆς

290 655 539 714 λελάσμεθα]
573 657 868 708 ἐπιλελήσμεθα
1058 662 1154 708 317.
1186 647 1372 707 μίνυνθα]
1407 648 1463 691 ἐπ’
1497 650 1635 702 ὀλίγον

289 790 400 849 ἦδος]
424 793 599 844 ὠφέλεια
785 805 882 848 324.
918 787 1140 846 κυδοίμεον]
1165 789 1389 841 ἐθορύβουν,
1413 785 1636 838 ἐτάρασσον

294 858 591 918 παλινορμένω]
615 863 656 902 ἐκ
677 864 742 912 τῆς
764 863 890 913 φυγῆς
912 858 1214 910 ἐπιστραφέντες
1660 870 1706 894 10

293 927 518 986 ἀσπασίως]
543 929 721 980 ἀσμένως
896 941 992 984 331.
1027 923 1220 982 στείχειν]
1244 925 1531 977 παραγίνεσθαι

292 999 402 1049 κῆρες
422 999 496 1049 γὰρ
517 995 633 1054 ἄγον]
659 998 892 1051 ἰσχυροτέρα
914 998 989 1049 γὰρ
1009 997 1032 1047 ἡ
1053 1000 1169 1047 μοῖρα
1189 997 1256 1044 τῆς
1275 995 1458 1045 μαντικῆς

292 1063 483 1122 κεκαδῶν]
512 1066 716 1116 στερήσας,
744 1067 917 1118 χωρίσας
941 1064 1132 1118 (χορήσας
1152 1063 1211 1114 A)

291 1131 584 1190 τιτυσκόμενος]
614 1134 903 1186 στοχαζόμενος

292 1199 498 1258 πλάγχθη]
532 1202 777 1254 ἀπεκρούσθη
805 1202 849 1242 τὸ
876 1203 966 1253 δόρυ
1144 1213 1167 1254 3
1172 1208 1239 1251 54.
1273 1194 1512 1253 ἀπέλεθρον]
1547 1197 1636 1246 ἀμέ-
1662 1213 1706 1250 15

534 1282 632 1325 355·
666 1267 828 1327 παχείῃ]
853 1270 1001 1324 ἰσχυρῷ

292 1336 409 1396 τῆλε]
432 1341 631 1391 πόρρωθεν
809 1340 1041 1379 καταείσατο
1072 1334 1206 1392 γαίης]
1236 1335 1448 1386 κατεφάνη,
1476 1333 1498 1385 ἢ
1527 1349 1638 1383 κατη-

293 1473 491 1533 ἄμπνυτο]
516 1477 843 1529 ἆνεσωφρονίσθη
1019 1476 1116 1529 362.
1151 1470 1263 1529 κύον]
1289 1471 1541 1512 ἇναιδέστατε

293 1542 459 1601 δοῦπον]
487 1545 558 1595 τὴν
577 1544 708 1598 μάχην
1571 1566 1573 1570 ν
1661 1555 1708 1580 20

292 1612 316 1664 ἦ
338 1612 409 1663 θήν
429 1610 491 1670 α’]
515 1613 615 1654 πάνυ
637 1614 682 1664 δή
704 1630 751 1654 σε
870 1612 1020 1663 ἐξανύω
1043 1609 1108 1668 γε]
1134 1611 1196 1651 ἐπὶ
1218 1610 1330 1651 τέλος
1348 1610 1438 1659 ἄξω,
1458 1608 1639 1660 φονεύσω

294 1679 536 1738 ἐπιείσομαι]
562 1683 821 1733 ἐπελεύσομαι
998 1691 1093 1735 370.
1126 1675 1339 1734 τιταίνετο]
1364 1677 1508 1718 ἔτεινεν

294 1748 437 1807 αἴνυτ’]
462 1751 650 1805 ἀφῃρεῖτο
824 1758 920 1805 375.
949 1746 1137 1805 βριαρήν]
1163 1746 1329 1801 ἰσχυράν

292 1817 461 1876 ταρσόν]
485 1819 530 1859 τὸ
550 1819 680 1860 πλατὺ
701 1821 769 1859 τοῦ
790 1820 908 1860 ποδός
1084 1819 1146 1857 διὰ
1168 1815 1200 1856 δ’
1224 1812 1410 1871 ἇμπερές]
1435 1812 1482 1855 δι’
1504 1815 1600 1854 ὅλου

295 1885 530 1944 πεφρίκασι]
555 1891 775 1940 φοβοῦνται
950 1883 1137 1942 μηκάδες]
1160 1885 1365 1936 μηκητικαί
1662 1899 1679 1922 2
1688 1895 1708 1932 5

293 1957 435 2006 τοξότα
458 1953 662 2012 λωβητήρ]
697 1957 759 1996 δια
789 1957 913 2005 τόξων
943 1955 1160 2005 λωβώμενε
1192 1953 1253 1993 καὶ
1283 1951 1488 2002 βλάπτων,
1522 1950 1568 2001 ἐξ
1596 1951 1640 1991 οὗ

112 2022 191 2078 (sie
211 2023 275 2064 ed.
296 2023 432 2073 Rom„
454 2024 500 2065 οὗ
521 2024 576 2077 A)
598 2024 706 2064 δειλέ

167 2089 460 2148 παρθενοπῖπα]
484 2092 699 2144 παρθένους
721 2093 923 2143 ἐπιτηρῶν,
947 2092 1193 2144 γυναιμανὲς,
1216 2088 1240 2139 ἢ
1262 2089 1558 2142 γυναικιζόμενε

166 2158 265 2215 388.

167 2240 266 2283 391.

164 2308 263 2351 393·

164 2373 262 2420 395·

165 2442 264 2488 397·

162 2514 262 2552 400.

163 2583 262 2621 401.

164 2650 261 2690 409.

164 2706 264 2757 416.

297 2157 538 2217 ἐπιγράψας]
562 2160 742 2211 ἐπιξέσας
762 2161 896 2202 ἁπλῶς

298 2226 452 2285 ἄλλως]
477 2230 558 2279 εἰκῆ
581 2229 642 2269 καὶ
663 2229 713 2270 ὡς
735 2228 848 2281 ἔτυχε
1024 2223 1191 2282 ἐπαύρῃ]
1216 2225 1420 2278 ἐφάψηται
1661 2238 1711 2273 30

297 2294 559 2353 ἆμφίδρυφοι]
584 2296 861 2349 ἀμφοτέρωθεν
885 2294 1248 2347 κατεσπαραγμέναι
1267 2294 1330 2333 διὰ
1351 2293 1394 2332 τὸ
1416 2291 1559 2334 πένθος

294 2363 477 2422 πύθεται]
502 2365 668 2416 σήπεται
841 2363 929 2415 περὶ
949 2360 1092 2419 πλέες]
1117 2363 1203 2414 περὶ
1226 2361 1342 2402 αὐτὸν
1361 2361 1541 2402 πλείονες

297 2430 570 2490 καθεζόμενος]
595 2433 681 2473 ἀντὶ
703 2436 770 2473 τοῦ
794 2433 922 2485 κύψας

295 2499 460 2558 ἤχθετο]
485 2504 666 2553 ἐβαρεῖτο
687 2502 759 2552 τὴν
783 2501 930 2553 ψυχὴν,
954 2500 1125 2540 ὠδυνᾶτο

296 2567 436 2627 οἰώθη]
460 2571 634 2621 ἐμονώθη
808 2578 906 2620 405.
940 2566 1075 2625 ἁλώω]
1102 2570 1266 2620 λειφθῶ,
1291 2569 1475 2619 συσχεθῶ
1660 2576 1709 2614 35

293 2638 400 2693 μάχῃ
420 2635 497 2694 ἔνι]
526 2638 611 2678 ἀντὶ
634 2641 701 2678 τοῦ
725 2638 767 2677 ἐν
786 2636 892 2692 μάχῃ

297 2703 446 2762 θήγων]
470 2707 622 2747 ἀκονῶν
750 2705 973 2761 γναμπτῇσι
990 2702 1199 2761 γένυσσιν]
1224 2702 1456 2754 ἐπικαμπέσι
1478 2701 1641 2754 σιαγόσι

111 2776 298 2828 (σιαγῶσι
317 2774 375 2827 A)

165 2852 262 2895 417.

165 2910 264 2961 418.

112 2980 231 3020 τόπος

294 2842 395 2895 ἀμφὶ
415 2840 749 2898 δέ-ἆΐσσονται]
774 2841 836 2883 ἐπ’
858 2841 975 2883 αὐτὸν
997 2843 1037 2882 δὲ
1061 2842 1208 2894 ὁρμῶσι

298 2907 424 2967 ἄφαρ]
458 2909 607 2963 ταχέως
800 2922 898 2960 424.
932 2907 1170 2965 πρότμησιν]
1205 2910 1224 2949 ὁ
1254 2909 1328 2949 ὑπὸ
1361 2908 1425 2948 τὸν
1456 2905 1641 2959 ὀμφαλὸν
1659 2918 1710 2954 40
