1974 3305
240 274 296 320 33

132 398 223 452 185.
271 400 309 440 6.

130 535 222 577 186.
271 547 310 589 7.

127 942 218 997 189.

123 1838 216 1882 192.

124 2043 217 2087 193.
269 2043 302 2072 L

124 2791 216 2835 195-
261 2793 289 2831 4

126 2983 290 3040 196.27

720 163 946 204 ΙΛΙΑΔΟΣ
986 163 1034 202 T.
1075 161 1186 216 (20)

302 297 309 305 .
343 266 518 322 Πηλείδῃ
558 269 628 317 μὲν
663 268 763 319 ἐγὼν
798 267 917 307 ἐνδείΒ

385 332 498 384 ξομαι
727 333 735 338 ”

342 401 512 443 πολλάκι
534 402 579 453 δή
599 419 665 453 μοι

301 500 309 508 .
341 470 447 510 ἀλλὰ
467 470 507 510 τί
525 487 588 510 κεν
607 470 757 521 ῥέξαιμι

343 538 490 589 ἀνδρῶν
509 537 577 588 ἠδὲ
598 540 696 578 θεῶν

300 636 308 644 .
341 608 415 646 τῶν
435 605 582 657 ἀνδρῶν
601 607 735 657 γενεῆς

299 703 307 712 .
341 674 374 713 εἰ
395 671 429 713 δ’
451 673 522 724 ἄγε
543 677 609 714 νῦν
629 689 696 723 μοι
717 674 891 723 ὄμοσσον

127 738 221 791 187.
271 752 305 779 1.

339 741 501 792 ἰφθίμην
521 741 673 794 ἄλοχον

340 806 572 859 Ἀλκμήνης
582 807 615 848 δ’
637 808 840 849 ἀπέπαυσε

298 907 306 916 .
340 876 562 928 Εὐρυσθεὺς
584 876 793 917 Σθενέλοιο
814 875 904 917 πάϊς

297 975 305 983 .
337 945 393 984 ἔτι
418 943 548 993 ζώοντ’
571 944 795 997 ἀκάχησθαι

339 1013 430 1052 ἀλλ’
450 1014 504 1053 ἴθι
524 1015 560 1053 οἱ
582 1012 718 1064 νέκταρ
740 1029 782 1053 τε

297 1111 306 1120 .
336 1080 359 1131 ἡ
381 1079 412 1120 δ’
436 1080 537 1136 ἅρπῃ

125 1156 217 1201 190.
268 1160 303 1188 1.

296 1247 304 1256 .
337 1216 507 1268 θώρηκές
527 1233 570 1258 τε
592 1218 869 1269 κραταιγύαλοι

295 1315 303 1323 .
336 1283 458 1325 καλοῦ
480 1285 685 1326 δαιδαλέου

295 1383 304 1392 .
338 1352 390 1407 τῷ
412 1352 446 1392 δ’
469 1354 554 1394 εὖτε

126 1429 219 1473 191.
272 1431 306 1460 1.

296 1519 304 1528 .
339 1488 468 1530 Ξάνθε
490 1506 532 1530 τε
555 1489 615 1529 καὶ
637 1490 757 1529 Βαλίε

295 1587 303 1596 .
336 1555 397 1608 ἂψ
422 1561 585 1599 Δαναῶν

335 1148 386 1191 ὡς
407 1147 440 1188 δ’
462 1149 525 1189 ὅτε
546 1150 731 1200 ταρφειαί

339 1420 391 1476 τῷ
414 1419 448 1461 δ’
471 1420 555 1461 εὖτε
578 1421 697 1472 πτερά

407 1729 453 1766 τ.
507 1727 623 1779 (20)

294 1859 302 1868 .
334 1828 482 1869 πεδίοιο
503 1842 582 1868 om.

294 1928 302 1936 .
334 1897 423 1937 οὔτε
453 1913 510 1938 τις
543 1897 612 1936 οὖν
648 1899 828 1947 ποταμῶν
868 1897 910 1935 ἀι

376 1963 473 2014 πέην

335 2030 415 2072 οὔτ’
438 2033 513 2084 ἄρα
533 2032 722 2084 νυμφάων

295 2132 303 2140 .
336 2100 475 2150 ξεστῇς
496 2100 754 2155 αἰθούσσῃσιν

294 2199 303 2209 .
335 2169 385 2210 ὡς
406 2170 443 2209 οἱ
462 2169 535 2218 μὲν
557 2167 653 2210 Διὸς
674 2167 786 2208 ἔνδον

335 2235 414 2277 οὐδ’
468 2236 715 2289 Ἐνοσίχθων
775 2235 910 2285 νηκού-

377 2321 502 2355 στησε
523 2307 612 2346 θεᾶς

332 2371 357 2423 ἦ
378 2388 414 2413 τι
434 2373 522 2425 περὶ
542 2373 689 2425 Τρώων

291 2471 300 2481 .
330 2442 425 2493 ὑπὲρ
444 2442 567 2493 μόρον
588 2439 815 2496 ἐξαλαπάξῃ

333 2510 447 2560 Λητώ
468 2526 511 2550 τε
534 2509 686 2552 Ξάνθος
706 2526 748 2550 τε

293 2608 302 2618 .
333 2575 433 2628 ὦρτο
453 2574 488 2617 δ’
511 2576 587 2629 ἔρις
609 2575 771 2630 κρατερή

297 2676 305 2685 .
337 2646 484 2687 ἄλλοτε
504 2648 582 2698 πὰρ
603 2647 782 2697 Σιμόεντι

295 2744 304 2752 .
335 2715 435 2754 θεῶν
455 2714 516 2755 ἐπὶ
538 2714 824 2769 Καλλικολώνῃ

293 2812 302 2821 .
332 2785 449 2834 γαῖαν
469 2782 696 2835 ἀπειρεσίην

294 2881 302 2890 .
332 2849 418 2902 ἤτοι
448 2851 522 2902 μὲν
550 2852 625 2904 γὰρ
656 2851 795 2892 ἔναντα
826 2853 910 2891 [lo-2

379 2918 547 2960 σειδάων
568 2919 629 2960 καὶ
649 2921 697 2959 τὰ
718 2917 804 2970 ἑξῆς

297 3020 305 3030 .
330 2983 438 3038 “Ηρη
459 2986 490 3028 δ’
513 2988 681 3037 ἀντέστη

991 344 1083 387 197.

991 604 1082 656 198.

991 753 1081 794 199.

987 1092 1080 1122 200.

988 1229 1079 1257 201.

986 1433 1079 1461 202.

986 1501 1078 1538 204.

986 1702 1078 1744 205.

983 2167 1076 2209 206.

982 2653 1077 2696 207.

1102 279 1169 320 33·

1106 347 1171 388 13.

1106 402 1170 441 18.

1104 481 1170 510 22.

1104 536 1169 577 28.

1130 614 1168 657 5.

1103 672 1168 714 28.

1127 754 1167 792 4.

1104 821 1166 860 19.

1101 889 1166 918 ιι

1103 955 1167 996 27.

1101 1025 1168 1066 30-

1126 1095 1166 1132 4.

1102 1149 1165 1190 28.

1126 1230 1165 1271 3.

1104 1298 1164 1324 10.

1103 1362 1165 1404 15.

1104 1433 1166 1475 13.

1102 1502 1164 1529 10.

1103 1570 1166 1611 13.

1099 1637 1163 1678 ιγ

1126 1694 1161 1734 6.

1128 1839 1159 1881 γ

1100 1908 1164 1951 15.

1100 1978 1164 2017 24.

1101 2045 1163 2084 29.

1097 2114 1164 2154 31.

1127 2179 1165 2219 3.

1123 2244 1162 2287 5.

1100 2313 1162 2355 17.

1097 2452 1162 2481 zL

1097 2516 1163 2559 25.

1095 2585 1161 2628 27.

1129 2657 1164 2685 1.

1125 2713 1164 2753 6.

1099 2791 1162 2831 17.

1098 2996 1164 3037 27-

1699 160 1779 202 375

1202 269 1326 309 σῶκος
1346 265 1531 318 ἐριούνιος

1202 334 1248 375 ὃν
1270 334 1425 376 Ξάνθον
1447 332 1631 374 καλέουσι
1651 332 1737 372 θεοί

1203 402 1247 444 ἃς
1266 403 1414 455 Τρώων
1433 403 1651 453 βασιλεῦσι

1205 471 1399 522 Πριαμίδη
1421 471 1461 510 τί
1476 486 1524 521 με
1545 471 1666 510 ταῦτα

1203 537 1264 577 καὶ
1287 539 1328 578 δὲ
1350 538 1399 578 σέ
1421 543 1545 590 φασιν

1202 605 1274 645 ἀνὰ
1295 605 1470 655 οὐλαμόν

1202 674 1234 713 εἰ
1255 672 1298 714 δέ
1321 673 1354 713 κ’
1371 672 1494 724 Ἀρης

1199 745 1330 793 Τρῶες
1357 741 1418 782 καὶ
1441 742 1611 782 Παλλὰς
1634 738 1777 791 Ἀθήνη

1199 810 1331 850 ποίεον
1353 810 1457 861 ὄφρα
1476 808 1520 849 τὸ
1543 810 1653 859 κῆτος

1200 878 1299 929 ἀμφὶ
1322 880 1367 918 σὲ
1388 877 1448 927 ἤϊε
1470 880 1597 926 Φοῖβε

1199 946 1410 997 ἀγρόμενοι
1430 947 1504 986 πᾶς
1525 946 1641 997 δῆμος

1197 1013 1236 1054 ἑὲ
1259 1012 1289 1053 δ’
1315 1013 1431 1053 αὐτόν

1199 1082 1262 1122 ὅτε
1284 1082 1404 1132 πέρσε
1424 1084 1530 1131 βοῶν
1552 1081 1628 1120 ἄπο

1198 1149 1287 1191 ἕλος
1310 1149 1404 1189 κάτα
1428 1148 1691 1199 βουκολέοντο

1198 1217 1315 1267 ἄκρον
1336 1216 1397 1257 ἐπ’
1420 1217 1634 1268 ἀνθερίκων

1199 1285 1316 1337 ἄκρον
1338 1285 1402 1326 ἐπὶ
1419 1287 1604 1338 ῥηγμῖνος

1200 1353 1268 1393 τὸν
1291 1354 1352 1393 καὶ
1374 1354 1637 1406 ἀνηρείψαντο

1199 1421 1322 1461 ἐπέων
1344 1423 1385 1462 δὲ
1401 1422 1523 1463 πολὺς
1545 1421 1662 1471 νόμος

1199 1489 1292 1529 ἔνθα
1314 1506 1380 1530 κεν
1401 1490 1558 1532 Αἰνείας
1578 1490 1649 1540 μέν

1198 1556 1221 1607 ἢ
1245 1557 1373 1609 κόρυθ’
1395 1558 1439 1608 ἠὲ
1461 1557 1580 1600 σάκος
1618 1566 1621 1583 ‘

1197 1629 1264 1666 νῦν
1285 1628 1326 1666 δὲ
1349 1626 1394 1677 δὴ
1417 1628 1576 1667 Αἰνείαο
1598 1628 1667 1677 βίη

1198 1694 1258 1734 καὶ
1284 1697 1417 1737 παῖδες
1447 1696 1606 1743 παίδων,
1629 1696 1692 1735 τοί
1711 1708 1775 1735 κεν

1238 1764 1452 1812 μετόπισθε
1472 1763 1658 1815 γένωνται

1197 1831 1354 1871 Αἰνείαν
1375 1830 1399 1881 ἦ
1421 1831 1483 1871 κέν
1499 1848 1566 1881 μιν

1198 1901 1287 1938 θεοῦ
1309 1898 1386 1938 ἀπὸ
1407 1899 1537 1952 χειρὸς
1558 1899 1724 1949 ὀρούσας

1199 1967 1332 2007 Αἰνεία
1354 1968 1411 2009 τίς
1432 1965 1505 2022 ᾦδε

1197 2033 1238 2074 ὃς
1260 2036 1331 2074 σεῦ
1351 2034 1430 2085 ἅμα
1452 2037 1645 2087 κρείσσων

1197 2102 1370 2150 λεύσσω,
1394 2102 1445 2157 τῷ
1468 2101 1501 2142 δ’
1524 2103 1674 2155 ἐφέηκα

1199 2169 1398 2221 ἀργαλέον
1420 2170 1464 2211 δέ
1481 2171 1552 2221 μοί
1569 2172 1654 2211 ἐστι

1194 2238 1364 2279 τόσσους
1385 2236 1416 2277 δ’
1439 2238 1664 2289 ἀνθρώπους

1194 2305 1246 2358 τῷ
1279 2303 1310 2344 δ’
1334 2305 1410 2356 ἐγὼ
1439 2306 1568 2348 ἀντίος
1599 2306 1685 2357 εἶμι,
1712 2306 1774 2347 καὶ

1239 2374 1272 2412 εἰ
1292 2372 1382 2424 πυρὶ
1403 2377 1537 2426 χεῖρας

1196 2441 1258 2480 καὶ
1279 2439 1358 2480 τότ’
1382 2441 1441 2491 ἄρ’
1456 2439 1627 2493 ’Ἐκτορα

1194 2507 1247 2559 μή
1267 2525 1348 2552 πως
1368 2509 1413 2559 ἠὲ
1434 2510 1542 2565 βάλῃ

1192 2575 1238 2616 ὃν
1260 2577 1388 2629 νύμφη
1409 2577 1498 2618 τέκε

1199 2649 1326 2686 κεῖσαι
1348 2643 1574 2697 Ὀτρυντίδη

1196 2714 1314 2769 λίμνῃ
1333 2715 1480 2770 Γυγαίῃ

1196 2781 1246 2824 ὡς
1266 2781 1331 2822 ὅτε
1347 2785 1486 2835 ταῦρος
1500 2782 1643 2836 ἤρυγεν
1659 2784 1772 2825 ἐλκό8

1235 2865 1352 2900 μενος
1392 2848 1625 2892 Ἑλικώνιον
1672 2853 1772 2906 ἀμφὶ

1238 2918 1384 2958 ἄνακτα

1199 2985 1248 3028 ὡς
1273 2987 1348 3037 ἄρα
1368 2987 1435 3038 τόν
1454 2985 1492 3040 γ’
1515 2988 1703 3041 ἐρύγοντα
