1974 3305
265 129 352 168 300
819 128 1043 166 mmmm
1086 130 1132 165 A.
1177 127 1258 177 (1)

325 243 393 283 51.
428 228 599 284 αὐτοῖσι]
624 233 704 269 τοῖς
720 227 899 277 ’Έλλησι

330 297 539 349 ἐχεπευκὲς
560 293 703 351 ἐφιείς]
728 295 867 346 πικρὸν
889 294 1114 345 ἐπιπέμπων

325 377 394 419 52.
427 362 570 421 βάλλ’]
596 365 803 416 ἐτίτρωσκε

325 445 392 489 53.
428 432 546 491 κῆλα]
574 437 640 475 νῦν
661 435 709 473 τὰ
729 433 846 483 βέλη.
871 432 929 472 διὸ
957 433 1018 472 καὶ
1039 432 1084 472 τὸ
1106 436 1283 483 σημεῖον.
1349 432 1417 473 Sic
1439 434 1599 473 correxi
1620 433 1731 487 quod
1756 433 1798 473 in

265 503 306 543 A
327 507 390 543 esf,
412 503 456 555 57
483 503 543 543 καὶ
565 505 692 553 σημεῖ,
715 501 760 540 in
782 500 845 542 ed.
871 500 1059 540 Romana
1082 500 1145 541 ὁτὲ
1168 503 1209 541 δὲ
1233 505 1387 551 σημεῖα.
1438 501 1599 542 Similis
1620 505 1798 543 annota-
1821 510 1843 548 5

265 571 325 612 13ἱο
348 575 411 611 est
431 571 482 611 ad
505 571 687 621 ἁζόμενοι
707 584 746 610 V.
773 582 839 611 21.
864 570 1085 610 δασύνεται·
1120 571 1182 609 διὰ
1202 569 1246 609 τὸ
1269 586 1334 618 ση.
1358 570 1466 623 quod
1490 569 1549 610 διὸ
1570 571 1614 610 τὸ
1638 575 1801 622 σημεῖον

266 639 413 693 scripsi
434 644 476 681 e‘t,
496 639 606 679 inter
627 637 781 679 scholia
798 637 930 690 recepi
953 652 992 690 p.
1018 637 1055 687 8,
1086 638 1151 678 26.
1215 636 1477 678 Probabilius
1499 642 1640 680 ‘ta-men
1658 639 1716 680 διὸ
1739 640 1800 680 καὶ

266 709 310 749 τὸ
334 700 510 760 σημεῖον,
533 711 582 747 ub
603 707 646 746 in
669 705 821 746 scholio
843 705 896 745 ad
924 705 984 755 18,
1007 706 1086 745 681
1114 705 1194 746 vol.
1221 717 1243 747 2
1266 720 1306 758 p.
1338 717 1427 760 145,
1455 720 1490 747 1.

324 787 392 830 54.
426 779 471 832 τῇ
494 773 654 831 δεκάτῃ]
682 776 809 814 λείπει
828 774 950 828 ἡμέρα

325 846 393 898 56.
428 842 585 900 κήδετο]
612 843 812 895 ἐφρόντιζε
1825 858 1873 883 10

324 925 393 967 59.
429 910 550 969 ἄμμε]
574 913 763 952 Αἶολικόν

323 978 742 1037 παλιμπλαγχθέντας]
767 982 822 1022 εἰς
844 980 1016 1020 τούπίσω
1039 980 1308 1031 πλανηθέντας

328 1048 418 1107 ὀΐω]
443 1048 711 1100 ὑπολαμβάνω
734 1047 881 1103 (ὑπολα)
906 1048 960 1102 A)

324 1119 392 1158 61.
426 1120 458 1159 εἰ
476 1116 541 1174 δὴ]
568 1118 653 1158 ἀντὶ
674 1122 741 1158 τοῦ
765 1117 826 1157 καὶ
847 1117 921 1170 γάρ

324 1188 392 1229 62.
426 1187 448 1238 ἣ
472 1185 599 1243 ἱερῆα]
623 1186 646 1237 ἢ
670 1187 786 1237 θύτην
1826 1196 1872 1234 15

325 1257 393 1311 63.
427 1255 460 1296 τ’
495 1253 610 1312 ὄναρ]
651 1254 865 1307 συναλιφή.
928 1255 1136 1295 Constans
1172 1255 1270 1296 haee
1307 1259 1371 1296 est
1402 1256 1445 1295 in
1477 1256 1554 1297 hoe
1591 1255 1728 1297 codiee
1759 1260 1802 1297 eb

266 1325 460 1379 frequens
492 1325 537 1364 in
568 1324 661 1364 aliis
690 1323 906 1377 scriptura,
929 1339 1054 1378 quam
1087 1324 1241 1365 diserbe
1273 1329 1454 1365 testatur
1484 1325 1736 1365 Eustathius
1758 1340 1799 1378 p.

272 1394 373 1447 1561
416 1393 509 1434 inst.
542 1397 583 1433 et
624 1392 894 1446 relinquenda
934 1393 1107 1434 fortasse
1149 1393 1437 1448 grammaticis
1474 1393 1771 1434 recentioribus
1792 1410 1801 1435 :

265 1478 306 1504 v.
329 1463 450 1503 Thes.
474 1462 554 1503 vol.
580 1472 601 1514 7
626 1476 666 1515 p.
694 1474 816 1503 1201.

325 1532 394 1582 64.
429 1529 629 1587 ἐχώσατο]
655 1531 829 1583 ὠργίσθη
1825 1545 1876 1571 20

327 1601 394 1654 65.
427 1597 706 1655 ἐπιμέμφεται]
731 1600 902 1649 ἐπιζητεῖ

322 1669 395 1709 66.
428 1666 613 1724 τελείων]
637 1666 920 1718 λελωβημένον
940 1670 1013 1720 γὰρ
1037 1669 1080 1708 οὐ
1103 1668 1234 1709 θύεται

326 1737 394 1790 67.
429 1733 638 1792 ἀντιάσας]
663 1735 903 1787 ἀπαντήσας,
925 1738 1140 1790 μετασχών

326 1809 393 1860 69.
428 1801 690 1861 Θεστορίδης]
715 1806 1012 1857 πατρωνυμικόν

326 1871 598 1930 οἰωνοπόλων]
624 1874 898 1923 ὀρνεοσκόπων
1824 1885 1871 1923 25

325 1940 427 1995 ἔξοχ’
452 1939 630 1998 ἄριστος]
657 1940 805 1994 ἐξόχως
827 1943 986 1993 ἄριστος

328 2021 394 2062 70.
429 2009 475 2050 τά
496 2009 526 2048 τ’
551 2007 685 2066 ἐόντα]
710 2011 757 2049 τὰ
779 2010 974 2050 ἐνεστῶτα

325 2078 372 2118 τά
394 2076 428 2117 τ’
452 2075 671 2134 ἐσσόμενα]
696 2080 744 2118 τὰ
765 2080 1013 2130 γενησόμενα

324 2148 400 2196 πρό
421 2145 453 2186 τ’
475 2144 612 2203 ἐόντα]
637 2149 682 2186 τὰ
703 2148 975 2199 προγεγονότα

327 2224 393 2266 7Ι.
430 2214 563 2265 νήεσσ’
586 2213 783 2272 ἡγήσατο]
809 2219 907 2256 νεῶν
926 2215 1083 2268 ἡγεμὼν
1104 2214 1260 2267 ἐγένετο
1820 2232 1870 2269 30

325 2280 438 2339 εἴσω]
465 2284 547 2324 ἀντὶ
568 2286 633 2334 τῆς
656 2285 710 2326 εἰς
731 2284 956 2336 προθέσεως
979 2274 1070 2337 (πρό
1091 2284 1147 2337 Α)

328 2362 393 2403 72.
426 2349 492 2408 ἢν]
519 2353 622 2393 ἰδίαν

325 2431 391 2473 73.
424 2417 646 2477 μετέειπεν]
672 2422 711 2462 ἐν
734 2421 863 2462 αὐτοῖς
887 2420 996 2461 εἶπεν

325 2498 390 2541 75.
426 2486 733 2545 ἑκατηβελέταο]
757 2488 918 2540 τοξότου

325 2557 390 2608 76.
423 2553 544 2613 ἐγὼν]
570 2558 705 2599 Αἰολίς
880 2554 1073 2614 ὄμοσσον]
1100 2559 1285 2599 Αἶολικόν
1816 2570 1866 2610 35

325 2635 392 2677 77.
425 2624 448 2675 ἦ
470 2623 558 2682 μὲν]
584 2625 736 2676 ὁρκικὸν
758 2627 945 2678 ἐπίρρημα
1061 2625 1270 2684 πρόφρων]
1294 2628 1500 2680 προθύμως

325 2702 390 2747 79.
423 2690 479 2749 οἱ]
506 2694 607 2748 αὐτῷ
786 2694 850 2736 82.
884 2692 1018 2751 κότον]
1043 2695 1164 2748 ὀργήν

325 2762 391 2816 85.
427 2763 449 2802 ὅ
469 2780 505 2803 τι
527 2761 663 2819 οἶσθα]
688 2764 784 2815 ὅπερ
807 2764 1017 2804 ἐπίστασαι

324 2831 392 2872 86.
427 2831 470 2871 οὐ
490 2834 543 2881 μὲι
565 2829 659 2889 γὰρ]
685 2833 823 2883 ὄμνυμι
843 2831 917 2884 γάρ
939 2849 1004 2872 σοι

323 2897 395 2953 ᾧτε
419 2899 481 2950 σὺ,
507 2897 694 2956 Κάλχαν]
719 2898 824 2955 ᾧτινι
846 2900 909 2950 σὺ,
932 2899 961 2940 ὦ
986 2900 1154 2955 Κάλχαν
1815 2916 1867 2952 4ο

326 2968 392 3008 88.
428 2966 694 3025 δερκομένοιο]
721 2971 885 3022 ὁρῶντος
906 2967 928 3020 ἢ
952 2970 1144 3021 ὁρωμένου
