<?xml version="1.0" encoding="UTF-8"?>
<!DOCTYPE html PUBLIC "-//W3C//DTD XHTML 1.0 Transitional//EN"
    "http://www.w3.org/TR/xhtml1/DTD/xhtml1-transitional.dtd">
<html xmlns="http://www.w3.org/1999/xhtml" xml:lang="en" lang="en">
 <head>
  <title>
</title>
<meta http-equiv="Content-Type" content="text/html;charset=utf-8" />
  <meta name='ocr-system' content='tesseract 3.04.00' />
  <meta name='ocr-capabilities' content='ocr_page ocr_carea ocr_par ocr_line ocrx_word'/>
</head>
<body>
  <div class='ocr_page' id='page_1' title='image "./scholiagraecainh02homeuoft_0303.png"; bbox 0 0 1974 3305; ppageno 0'>
   <div class='ocr_carea' id='block_1_1' title="bbox 266 644 1498 805">
    <p class='ocr_par' dir='ltr' id='par_1_1' title="bbox 266 644 1498 805">
     <span class='ocr_line' id='line_1_1' title="bbox 266 644 1498 701; baseline -0.009 1"><span class='ocrx_word' id='word_1_1' title='bbox 266 647 776 701; x_wconf 80' lang='lat' dir='ltr'><strong>GLOSSEMATA</strong></span> <span class='ocrx_word' id='word_1_2' title='bbox 847 644 1498 694; x_wconf 78' lang='lat' dir='ltr'><strong>INTERLINEARIA</strong></span> 
     </span>
     <span class='ocr_line' id='line_1_2' title="bbox 482 751 1291 805; baseline -0.009 0"><span class='ocrx_word' id='word_1_3' title='bbox 482 753 798 805; x_wconf 77' lang='lat' dir='ltr'>CODICIS</span> <span class='ocrx_word' id='word_1_4' title='bbox 870 751 1163 800; x_wconf 85' lang='lat' dir='ltr'>VENETI</span> <span class='ocrx_word' id='word_1_5' title='bbox 1235 751 1291 799; x_wconf 85' lang='lat' dir='ltr'>A.</span> 
     </span>
    </p>
   </div>
   <div class='ocr_carea' id='block_1_2' title="bbox 119 920 1663 3039">
    <p class='ocr_par' dir='ltr' id='par_1_2' title="bbox 119 920 1663 3039">
     <span class='ocr_line' id='line_1_3' title="bbox 178 920 1650 972; baseline -0.006 -6"><span class='ocrx_word' id='word_1_6' title='bbox 178 925 457 966; x_wconf 77' lang='lat' dir='ltr'>GLOSSEMATA</span> <span class='ocrx_word' id='word_1_7' title='bbox 479 924 759 965; x_wconf 77' lang='lat' dir='ltr'>inter-linearia</span> <span class='ocrx_word' id='word_1_8' title='bbox 780 923 956 965; x_wconf 77' lang='lat' dir='ltr'>dicimus</span> <span class='ocrx_word' id='word_1_9' title='bbox 975 923 1118 963; x_wconf 87' lang='lat' dir='ltr'>breves</span> <span class='ocrx_word' id='word_1_10' title='bbox 1133 921 1426 962; x_wconf 79' lang='lat' dir='ltr'>vocabulorum</span> <span class='ocrx_word' id='word_1_11' title='bbox 1449 920 1650 972; x_wconf 80' lang='lat' dir='ltr'>interpre—</span> 
     </span>
     <span class='ocr_line' id='line_1_4' title="bbox 119 988 1652 1048; baseline -0.005 -14"><span class='ocrx_word' id='word_1_12' title='bbox 119 993 298 1035; x_wconf 75' lang='lat' dir='ltr'><strong>tationes</strong></span> <span class='ocrx_word' id='word_1_13' title='bbox 325 992 569 1048; x_wconf 86' lang='lat' dir='ltr'>plerumque</span> <span class='ocrx_word' id='word_1_14' title='bbox 591 993 764 1033; x_wconf 83' lang='lat' dir='ltr'>verbum</span> <span class='ocrx_word' id='word_1_15' title='bbox 787 992 913 1032; x_wconf 82' lang='lat' dir='ltr'>verbo</span> <span class='ocrx_word' id='word_1_16' title='bbox 945 991 1175 1039; x_wconf 82' lang='lat' dir='ltr'>reddentes,</span> <span class='ocrx_word' id='word_1_17' title='bbox 1196 990 1333 1030; x_wconf 78' lang='lat' dir='ltr'>textui</span> <span class='ocrx_word' id='word_1_18' title='bbox 1357 988 1652 1042; x_wconf 83' lang='lat' dir='ltr'>superscriptas</span> 
     </span>
     <span class='ocr_line' id='line_1_5' title="bbox 119 1056 1652 1116; baseline -0.005 -14"><span class='ocrx_word' id='word_1_19' title='bbox 119 1061 291 1116; x_wconf 82' lang='lat' dir='ltr'>ideoque</span> <span class='ocrx_word' id='word_1_20' title='bbox 312 1061 520 1102; x_wconf 88' lang='lat' dir='ltr'>lemmatis</span> <span class='ocrx_word' id='word_1_21' title='bbox 537 1064 736 1102; x_wconf 86' lang='lat' dir='ltr'>carentes.</span> <span class='ocrx_word' id='word_1_22' title='bbox 802 1059 1052 1100; x_wconf 80' lang='lat' dir='ltr'>Huiusmodi</span> <span class='ocrx_word' id='word_1_23' title='bbox 1076 1059 1373 1113; x_wconf 77' lang='lat' dir='ltr'>glossematum</span> <span class='ocrx_word' id='word_1_24' title='bbox 1395 1056 1557 1096; x_wconf 82' lang='lat' dir='ltr'>infinita</span> <span class='ocrx_word' id='word_1_25' title='bbox 1580 1069 1652 1108; x_wconf 87' lang='lat' dir='ltr'>pcr</span> 
     </span>
     <span class='ocr_line' id='line_1_6' title="bbox 119 1123 1654 1181; baseline -0.005 -11"><span class='ocrx_word' id='word_1_26' title='bbox 119 1128 279 1170; x_wconf 86' lang='lat' dir='ltr'>codices</span> <span class='ocrx_word' id='word_1_27' title='bbox 330 1128 576 1170; x_wconf 81' lang='lat' dir='ltr'>Homericos</span> <span class='ocrx_word' id='word_1_28' title='bbox 626 1132 667 1168; x_wconf 87' lang='lat' dir='ltr'>et</span> <span class='ocrx_word' id='word_1_29' title='bbox 710 1128 967 1181; x_wconf 78' lang='lat' dir='ltr'>antiquiores</span> <span class='ocrx_word' id='word_1_30' title='bbox 1008 1132 1047 1168; x_wconf 89' lang='lat' dir='ltr'>ct</span> <span class='ocrx_word' id='word_1_31' title='bbox 1099 1127 1345 1167; x_wconf 78' lang='lat' dir='ltr'>recentiores</span> <span class='ocrx_word' id='word_1_32' title='bbox 1396 1123 1654 1179; x_wconf 75' lang='lat' dir='ltr'>Byzantinos</span> 
     </span>
     <span class='ocr_line' id='line_1_7' title="bbox 121 1191 1655 1252; baseline -0.005 -14"><span class='ocrx_word' id='word_1_33' title='bbox 121 1211 262 1252; x_wconf 85' lang='lat' dir='ltr'>sparsa</span> <span class='ocrx_word' id='word_1_34' title='bbox 297 1197 412 1251; x_wconf 88' lang='lat' dir='ltr'>copia</span> <span class='ocrx_word' id='word_1_35' title='bbox 450 1202 524 1246; x_wconf 85' lang='lat' dir='ltr'>est,</span> <span class='ocrx_word' id='word_1_36' title='bbox 563 1211 737 1250; x_wconf 89' lang='lat' dir='ltr'>quorum</span> <span class='ocrx_word' id='word_1_37' title='bbox 781 1196 861 1236; x_wconf 85' lang='lat' dir='ltr'>alia</span> <span class='ocrx_word' id='word_1_38' title='bbox 903 1210 1028 1249; x_wconf 86' lang='lat' dir='ltr'>eaque</span> <span class='ocrx_word' id='word_1_39' title='bbox 1071 1195 1247 1249; x_wconf 86' lang='lat' dir='ltr'>plurima</span> <span class='ocrx_word' id='word_1_40' title='bbox 1290 1194 1530 1242; x_wconf 79' lang='lat' dir='ltr'>multorum,</span> <span class='ocrx_word' id='word_1_41' title='bbox 1573 1191 1655 1232; x_wconf 87' lang='lat' dir='ltr'>alia</span> 
     </span>
     <span class='ocr_line' id='line_1_8' title="bbox 122 1259 1656 1320; baseline -0.004 -14"><span class='ocrx_word' id='word_1_42' title='bbox 122 1279 346 1320; x_wconf 86' lang='lat' dir='ltr'>paucorum</span> <span class='ocrx_word' id='word_1_43' title='bbox 383 1265 572 1305; x_wconf 88' lang='lat' dir='ltr'>codicum</span> <span class='ocrx_word' id='word_1_44' title='bbox 606 1264 857 1312; x_wconf 75' lang='lat' dir='ltr'>communia,</span> <span class='ocrx_word' id='word_1_45' title='bbox 892 1264 973 1305; x_wconf 84' lang='lat' dir='ltr'>alia</span> <span class='ocrx_word' id='word_1_46' title='bbox 1004 1263 1077 1304; x_wconf 91' lang='lat' dir='ltr'>uni</span> <span class='ocrx_word' id='word_1_47' title='bbox 1108 1263 1310 1317; x_wconf 77' lang='lat' dir='ltr'>alterique</span> <span class='ocrx_word' id='word_1_48' title='bbox 1341 1261 1470 1303; x_wconf 89' lang='lat' dir='ltr'>codici</span> <span class='ocrx_word' id='word_1_49' title='bbox 1490 1259 1656 1315; x_wconf 87' lang='lat' dir='ltr'>propria</span> 
     </span>
     <span class='ocr_line' id='line_1_9' title="bbox 122 1330 1653 1388; baseline -0.005 -13"><span class='ocrx_word' id='word_1_50' title='bbox 122 1337 234 1384; x_wconf 83' lang='lat' dir='ltr'>sunt,</span> <span class='ocrx_word' id='word_1_51' title='bbox 271 1334 452 1388; x_wconf 87' lang='lat' dir='ltr'>plurima</span> <span class='ocrx_word' id='word_1_52' title='bbox 492 1334 618 1374; x_wconf 86' lang='lat' dir='ltr'>etiam</span> <span class='ocrx_word' id='word_1_53' title='bbox 660 1333 703 1374; x_wconf 88' lang='lat' dir='ltr'>in</span> <span class='ocrx_word' id='word_1_54' title='bbox 747 1333 949 1387; x_wconf 75' lang='lat' dir='ltr'>Hesychii</span> <span class='ocrx_word' id='word_1_55' title='bbox 991 1333 1246 1386; x_wconf 83' lang='lat' dir='ltr'>aliorumque</span> <span class='ocrx_word' id='word_1_56' title='bbox 1286 1330 1653 1386; x_wconf 86' lang='lat' dir='ltr'>grammaticorum</span> 
     </span>
     <span class='ocr_line' id='line_1_10' title="bbox 121 1397 1655 1457; baseline -0.004 -14"><span class='ocrx_word' id='word_1_57' title='bbox 121 1402 336 1457; x_wconf 81' lang='lat' dir='ltr'>glossariis</span> <span class='ocrx_word' id='word_1_58' title='bbox 362 1403 638 1456; x_wconf 84' lang='lat' dir='ltr'>reperiuntur.</span> <span class='ocrx_word' id='word_1_59' title='bbox 701 1403 901 1456; x_wconf 80' lang='lat' dir='ltr'>Amplam</span> <span class='ocrx_word' id='word_1_60' title='bbox 927 1417 1067 1442; x_wconf 84' lang='lat' dir='ltr'>eorum</span> <span class='ocrx_word' id='word_1_61' title='bbox 1090 1401 1375 1442; x_wconf 77' lang='lat' dir='ltr'>collectionem</span> <span class='ocrx_word' id='word_1_62' title='bbox 1403 1415 1474 1453; x_wconf 89' lang='lat' dir='ltr'>per</span> <span class='ocrx_word' id='word_1_63' title='bbox 1500 1397 1655 1453; x_wconf 76' lang='lat' dir='ltr'>viginti</span> 
     </span>
     <span class='ocr_line' id='line_1_11' title="bbox 123 1466 1654 1526; baseline -0.003 -14"><span class='ocrx_word' id='word_1_64' title='bbox 123 1475 321 1525; x_wconf 88' lang='lat' dir='ltr'>quattuor</span> <span class='ocrx_word' id='word_1_65' title='bbox 344 1471 585 1526; x_wconf 86' lang='lat' dir='ltr'>rhapsodias</span> <span class='ocrx_word' id='word_1_66' title='bbox 609 1470 866 1525; x_wconf 86' lang='lat' dir='ltr'>aequa-bilem</span> <span class='ocrx_word' id='word_1_67' title='bbox 890 1470 1050 1525; x_wconf 88' lang='lat' dir='ltr'>primus</span> <span class='ocrx_word' id='word_1_68' title='bbox 1081 1470 1210 1511; x_wconf 84' lang='lat' dir='ltr'>edidit</span> <span class='ocrx_word' id='word_1_69' title='bbox 1233 1469 1422 1510; x_wconf 88' lang='lat' dir='ltr'>Lascaris</span> <span class='ocrx_word' id='word_1_70' title='bbox 1442 1469 1486 1509; x_wconf 90' lang='lat' dir='ltr'>in</span> <span class='ocrx_word' id='word_1_71' title='bbox 1509 1466 1654 1508; x_wconf 88' lang='lat' dir='ltr'>scholi-</span> 
     </span>
     <span class='ocr_line' id='line_1_12' title="bbox 123 1536 1654 1593; baseline -0.003 -12"><span class='ocrx_word' id='word_1_72' title='bbox 123 1553 241 1581; x_wconf 90' lang='lat' dir='ltr'>orum</span> <span class='ocrx_word' id='word_1_73' title='bbox 283 1539 464 1581; x_wconf 74' lang='lat' dir='ltr'>editione</span> <span class='ocrx_word' id='word_1_74' title='bbox 506 1539 695 1580; x_wconf 86' lang='lat' dir='ltr'>Romana</span> <span class='ocrx_word' id='word_1_75' title='bbox 736 1554 770 1580; x_wconf 93' lang='lat' dir='ltr'>a.</span> <span class='ocrx_word' id='word_1_76' title='bbox 819 1550 941 1593; x_wconf 84' lang='lat'>1517,</span> <span class='ocrx_word' id='word_1_77' title='bbox 985 1540 1037 1580; x_wconf 87' lang='lat' dir='ltr'>ab</span> <span class='ocrx_word' id='word_1_78' title='bbox 1078 1539 1188 1579; x_wconf 90' lang='lat' dir='ltr'>Aldo</span> <span class='ocrx_word' id='word_1_79' title='bbox 1231 1538 1428 1579; x_wconf 82' lang='lat' dir='ltr'>Manutio</span> <span class='ocrx_word' id='word_1_80' title='bbox 1464 1536 1654 1577; x_wconf 81' lang='lat' dir='ltr'>Vcnetiis</span> 
     </span>
     <span class='ocr_line' id='line_1_13' title="bbox 122 1605 1655 1663; baseline -0.003 -13"><span class='ocrx_word' id='word_1_81' title='bbox 122 1609 301 1663; x_wconf 85' lang='lat' dir='ltr'>repetit-a</span> <span class='ocrx_word' id='word_1_82' title='bbox 332 1623 368 1649; x_wconf 85' lang='lat' dir='ltr'>a.</span> <span class='ocrx_word' id='word_1_83' title='bbox 408 1620 530 1662; x_wconf 85' lang='lat'><strong>1521,</strong></span> <span class='ocrx_word' id='word_1_84' title='bbox 562 1623 664 1662; x_wconf 86' lang='lat' dir='ltr'>quae</span> <span class='ocrx_word' id='word_1_85' title='bbox 702 1608 806 1648; x_wconf 86' lang='lat' dir='ltr'>nihil</span> <span class='ocrx_word' id='word_1_86' title='bbox 839 1607 1015 1662; x_wconf 83' lang='lat' dir='ltr'>impedit</span> <span class='ocrx_word' id='word_1_87' title='bbox 1052 1608 1273 1662; x_wconf 80' lang='lat' dir='ltr'>quominus</span> <span class='ocrx_word' id='word_1_88' title='bbox 1310 1622 1359 1647; x_wconf 85' lang='lat' dir='ltr'>ex</span> <span class='ocrx_word' id='word_1_89' title='bbox 1396 1620 1478 1646; x_wconf 87' lang='lat' dir='ltr'>uno</span> <span class='ocrx_word' id='word_1_90' title='bbox 1516 1605 1655 1645; x_wconf 89' lang='lat' dir='ltr'>omnia</span> 
     </span>
     <span class='ocr_line' id='line_1_14' title="bbox 122 1675 1652 1730; baseline -0.003 -12"><span class='ocrx_word' id='word_1_91' title='bbox 122 1677 249 1719; x_wconf 89' lang='lat' dir='ltr'>ducta</span> <span class='ocrx_word' id='word_1_92' title='bbox 268 1692 354 1718; x_wconf 89' lang='lat' dir='ltr'>esse</span> <span class='ocrx_word' id='word_1_93' title='bbox 374 1677 513 1718; x_wconf 87' lang='lat' dir='ltr'>codice</span> <span class='ocrx_word' id='word_1_94' title='bbox 529 1677 766 1726; x_wconf 85' lang='lat' dir='ltr'>credantur,</span> <span class='ocrx_word' id='word_1_95' title='bbox 784 1677 1131 1730; x_wconf 84' lang='lat' dir='ltr'>quemadmodum</span> <span class='ocrx_word' id='word_1_96' title='bbox 1152 1676 1330 1716; x_wconf 81' lang='lat' dir='ltr'>similem</span> <span class='ocrx_word' id='word_1_97' title='bbox 1354 1675 1652 1729; x_wconf 78' lang='lat' dir='ltr'>glossematum</span> 
     </span>
     <span class='ocr_line' id='line_1_15' title="bbox 122 1743 1654 1800; baseline -0.003 -13"><span class='ocrx_word' id='word_1_98' title='bbox 122 1747 168 1788; x_wconf 91' lang='lat' dir='ltr'>in</span> <span class='ocrx_word' id='word_1_99' title='bbox 203 1745 434 1800; x_wconf 86' lang='lat' dir='ltr'>Odysseam</span> <span class='ocrx_word' id='word_1_100' title='bbox 466 1746 555 1786; x_wconf 91' lang='lat' dir='ltr'>sine</span> <span class='ocrx_word' id='word_1_101' title='bbox 585 1750 707 1786; x_wconf 85' lang='lat' dir='ltr'>textu</span> <span class='ocrx_word' id='word_1_102' title='bbox 739 1745 1030 1786; x_wconf 81' lang='lat' dir='ltr'>collectionem</span> <span class='ocrx_word' id='word_1_103' title='bbox 1066 1760 1161 1785; x_wconf 88' lang='lat' dir='ltr'>cum</span> <span class='ocrx_word' id='word_1_104' title='bbox 1198 1744 1364 1785; x_wconf 87' lang='lat' dir='ltr'>scholiis</span> <span class='ocrx_word' id='word_1_105' title='bbox 1394 1743 1572 1784; x_wconf 79' lang='lat' dir='ltr'>mixtam</span> <span class='ocrx_word' id='word_1_106' title='bbox 1602 1743 1654 1782; x_wconf 88' lang='lat' dir='ltr'>ab</span> 
     </span>
     <span class='ocr_line' id='line_1_16' title="bbox 124 1813 1654 1869; baseline -0.004 -12"><span class='ocrx_word' id='word_1_107' title='bbox 124 1815 231 1857; x_wconf 87' lang='lat' dir='ltr'>Aldo</span> <span class='ocrx_word' id='word_1_108' title='bbox 251 1814 405 1856; x_wconf 87' lang='lat' dir='ltr'>editam</span> <span class='ocrx_word' id='word_1_109' title='bbox 426 1829 462 1856; x_wconf 84' lang='lat' dir='ltr'>a.</span> <span class='ocrx_word' id='word_1_110' title='bbox 492 1814 598 1869; x_wconf 85' lang='lat'>1528</span> <span class='ocrx_word' id='word_1_111' title='bbox 627 1829 711 1855; x_wconf 86' lang='lat' dir='ltr'>non</span> <span class='ocrx_word' id='word_1_112' title='bbox 743 1829 793 1855; x_wconf 84' lang='lat' dir='ltr'>ex</span> <span class='ocrx_word' id='word_1_113' title='bbox 824 1814 1013 1868; x_wconf 90' lang='lat' dir='ltr'>pluribus</span> <span class='ocrx_word' id='word_1_114' title='bbox 1044 1814 1266 1862; x_wconf 76' lang='lat' dir='ltr'>codicibus,</span> <span class='ocrx_word' id='word_1_115' title='bbox 1289 1813 1358 1854; x_wconf 83' lang='lat' dir='ltr'>sed</span> <span class='ocrx_word' id='word_1_116' title='bbox 1389 1828 1439 1854; x_wconf 78' lang='lat' dir='ltr'>ex</span> <span class='ocrx_word' id='word_1_117' title='bbox 1469 1827 1553 1853; x_wconf 90' lang='lat' dir='ltr'>uno</span> <span class='ocrx_word' id='word_1_118' title='bbox 1584 1827 1654 1852; x_wconf 81' lang='lat' dir='ltr'>ex-</span> 
     </span>
     <span class='ocr_line' id='line_1_17' title="bbox 124 1881 1656 1938; baseline -0.003 -14"><span class='ocrx_word' id='word_1_119' title='bbox 124 1897 306 1937; x_wconf 84' lang='lat' dir='ltr'>pressam</span> <span class='ocrx_word' id='word_1_120' title='bbox 342 1883 480 1925; x_wconf 88' lang='lat' dir='ltr'>codicc</span> <span class='ocrx_word' id='word_1_121' title='bbox 516 1897 601 1924; x_wconf 90' lang='lat' dir='ltr'>csse</span> <span class='ocrx_word' id='word_1_122' title='bbox 636 1883 877 1938; x_wconf 86' lang='lat' dir='ltr'>planissime</span> <span class='ocrx_word' id='word_1_123' title='bbox 912 1884 1032 1924; x_wconf 90' lang='lat' dir='ltr'>docet</span> <span class='ocrx_word' id='word_1_124' title='bbox 1073 1884 1200 1923; x_wconf 80' lang='lat' dir='ltr'>codex</span> <span class='ocrx_word' id='word_1_125' title='bbox 1237 1882 1488 1923; x_wconf 88' lang='lat' dir='ltr'>Bodleianus</span> <span class='ocrx_word' id='word_1_126' title='bbox 1529 1881 1656 1921; x_wconf 83' lang='lat' dir='ltr'>seculi</span> 
     </span>
     <span class='ocr_line' id='line_1_18' title="bbox 125 1950 1656 2006; baseline -0.003 -13"><span class='ocrx_word' id='word_1_127' title='bbox 125 1951 346 2002; x_wconf 85' lang='lat' dir='ltr'>undecimi,</span> <span class='ocrx_word' id='word_1_128' title='bbox 370 1952 436 1992; x_wconf 87' lang='lat' dir='ltr'>cui</span> <span class='ocrx_word' id='word_1_129' title='bbox 456 1953 570 1993; x_wconf 89' lang='lat' dir='ltr'>omni</span> <span class='ocrx_word' id='word_1_130' title='bbox 592 1967 643 1993; x_wconf 77' lang='lat' dir='ltr'>ex</span> <span class='ocrx_word' id='word_1_131' title='bbox 663 1956 782 2006; x_wconf 84' lang='lat' dir='ltr'>parte</span> <span class='ocrx_word' id='word_1_132' title='bbox 813 1951 1027 1992; x_wconf 86' lang='lat' dir='ltr'>simillima</span> <span class='ocrx_word' id='word_1_133' title='bbox 1048 1956 1112 1992; x_wconf 91' lang='lat' dir='ltr'>est</span> <span class='ocrx_word' id='word_1_134' title='bbox 1133 1951 1259 1992; x_wconf 86' lang='lat' dir='ltr'>editio</span> <span class='ocrx_word' id='word_1_135' title='bbox 1281 1950 1436 1992; x_wconf 85' lang='lat' dir='ltr'>Aldina</span> <span class='ocrx_word' id='word_1_136' title='bbox 1454 1967 1461 1990; x_wconf 90' lang='lat'><strong>:</strong></span> <span class='ocrx_word' id='word_1_137' title='bbox 1503 1950 1554 1991; x_wconf 89' lang='lat' dir='ltr'>de</span> <span class='ocrx_word' id='word_1_138' title='bbox 1575 1964 1656 2004; x_wconf 91' lang='lat' dir='ltr'>quo</span> 
     </span>
     <span class='ocr_line' id='line_1_19' title="bbox 127 2018 1656 2075; baseline -0.002 -14"><span class='ocrx_word' id='word_1_139' title='bbox 127 2019 215 2061; x_wconf 80' lang='lat' dir='ltr'>dixi</span> <span class='ocrx_word' id='word_1_140' title='bbox 234 2019 280 2062; x_wconf 85' lang='lat' dir='ltr'>in</span> <span class='ocrx_word' id='word_1_141' title='bbox 301 2019 561 2061; x_wconf 84' lang='lat' dir='ltr'>Praefatione</span> <span class='ocrx_word' id='word_1_142' title='bbox 593 2020 855 2061; x_wconf 87' lang='lat' dir='ltr'>Scholiorum</span> <span class='ocrx_word' id='word_1_143' title='bbox 884 2021 929 2062; x_wconf 91' lang='lat' dir='ltr'>in</span> <span class='ocrx_word' id='word_1_144' title='bbox 952 2021 1184 2075; x_wconf 69' lang='lat' dir='ltr'>Odyssean]</span> <span class='ocrx_word' id='word_1_145' title='bbox 1205 2020 1286 2061; x_wconf 73' lang='lat' dir='ltr'>vol.</span> <span class='ocrx_word' id='word_1_146' title='bbox 1315 2033 1329 2059; x_wconf 90' lang='lat'>1</span> <span class='ocrx_word' id='word_1_147' title='bbox 1362 2035 1400 2073; x_wconf 86' lang='lat' dir='ltr'>p.</span> <span class='ocrx_word' id='word_1_148' title='bbox 1424 2018 1541 2060; x_wconf 80' lang='lat' dir='ltr'>xviii.</span> <span class='ocrx_word' id='word_1_149' title='bbox 1603 2018 1656 2058; x_wconf 90' lang='lat' dir='ltr'>In</span> 
     </span>
     <span class='ocr_line' id='line_1_20' title="bbox 127 2087 1656 2143; baseline -0.002 -13"><span class='ocrx_word' id='word_1_150' title='bbox 127 2088 264 2130; x_wconf 87' lang='lat' dir='ltr'>codice</span> <span class='ocrx_word' id='word_1_151' title='bbox 287 2088 433 2130; x_wconf 84' lang='lat' dir='ltr'>Iliadis</span> <span class='ocrx_word' id='word_1_152' title='bbox 453 2087 618 2129; x_wconf 81' lang='lat' dir='ltr'>Veneto</span> <span class='ocrx_word' id='word_1_153' title='bbox 639 2090 679 2130; x_wconf 91' lang='lat' dir='ltr'><strong>A</strong></span> <span class='ocrx_word' id='word_1_154' title='bbox 699 2089 937 2143; x_wconf 86' lang='lat' dir='ltr'>fragmenta</span> <span class='ocrx_word' id='word_1_155' title='bbox 962 2093 1129 2129; x_wconf 86' lang='lat' dir='ltr'>tantum</span> <span class='ocrx_word' id='word_1_156' title='bbox 1162 2088 1425 2143; x_wconf 87' lang='lat' dir='ltr'>reperiuntur</span> <span class='ocrx_word' id='word_1_157' title='bbox 1446 2087 1656 2142; x_wconf 89' lang='lat' dir='ltr'>amplioris</span> 
     </span>
     <span class='ocr_line' id='line_1_21' title="bbox 128 2156 1657 2211; baseline -0.001 -13"><span class='ocrx_word' id='word_1_158' title='bbox 128 2156 430 2211; x_wconf 83' lang='lat' dir='ltr'>glossematum</span> <span class='ocrx_word' id='word_1_159' title='bbox 460 2156 727 2206; x_wconf 86' lang='lat' dir='ltr'>collectionis,</span> <span class='ocrx_word' id='word_1_160' title='bbox 750 2157 867 2197; x_wconf 88' lang='lat' dir='ltr'>nullo</span> <span class='ocrx_word' id='word_1_161' title='bbox 897 2160 1009 2198; x_wconf 87' lang='lat' dir='ltr'>certo</span> <span class='ocrx_word' id='word_1_162' title='bbox 1040 2157 1211 2198; x_wconf 90' lang='lat' dir='ltr'>consilio</span> <span class='ocrx_word' id='word_1_163' title='bbox 1243 2156 1413 2206; x_wconf 88' lang='lat' dir='ltr'>delecta,</span> <span class='ocrx_word' id='word_1_164' title='bbox 1437 2157 1506 2197; x_wconf 90' lang='lat' dir='ltr'>sed</span> <span class='ocrx_word' id='word_1_165' title='bbox 1535 2157 1657 2197; x_wconf 79' lang='lat' dir='ltr'>modo</span> 
     </span>
     <span class='ocr_line' id='line_1_22' title="bbox 127 2224 1658 2280; baseline -0.003 -13"><span class='ocrx_word' id='word_1_166' title='bbox 127 2225 421 2280; x_wconf 85' lang='lat' dir='ltr'>frequentiora,</span> <span class='ocrx_word' id='word_1_167' title='bbox 452 2228 501 2266; x_wconf 89' lang='lat' dir='ltr'>ut</span> <span class='ocrx_word' id='word_1_168' title='bbox 531 2225 576 2264; x_wconf 90' lang='lat' dir='ltr'>in</span> <span class='ocrx_word' id='word_1_169' title='bbox 607 2224 741 2278; x_wconf 86' lang='lat' dir='ltr'>primo</span> <span class='ocrx_word' id='word_1_170' title='bbox 771 2224 916 2265; x_wconf 87' lang='lat' dir='ltr'>Iliadis</span> <span class='ocrx_word' id='word_1_171' title='bbox 953 2225 1058 2266; x_wconf 92' lang='lat' dir='ltr'>libro</span> <span class='ocrx_word' id='word_1_172' title='bbox 1092 2226 1340 2279; x_wconf 87' lang='lat' dir='ltr'>secundique</span> <span class='ocrx_word' id='word_1_173' title='bbox 1376 2230 1492 2279; x_wconf 85' lang='lat' dir='ltr'>parte</span> <span class='ocrx_word' id='word_1_174' title='bbox 1523 2224 1658 2278; x_wconf 85' lang='lat' dir='ltr'>priore</span> 
     </span>
     <span class='ocr_line' id='line_1_23' title="bbox 128 2293 1658 2350; baseline -0.002 -15"><span class='ocrx_word' id='word_1_175' title='bbox 128 2293 300 2350; x_wconf 88' lang='lat' dir='ltr'>aliisque</span> <span class='ocrx_word' id='word_1_176' title='bbox 320 2293 533 2335; x_wconf 90' lang='lat' dir='ltr'>nonnullis</span> <span class='ocrx_word' id='word_1_177' title='bbox 554 2293 795 2348; x_wconf 80' lang='lat' dir='ltr'>rhapsodiiS‚</span> <span class='ocrx_word' id='word_1_178' title='bbox 818 2294 940 2334; x_wconf 83' lang='lat' dir='ltr'>modo</span> <span class='ocrx_word' id='word_1_179' title='bbox 961 2294 1128 2344; x_wconf 88' lang='lat' dir='ltr'>rariora,</span> <span class='ocrx_word' id='word_1_180' title='bbox 1147 2309 1264 2348; x_wconf 84' lang='lat' dir='ltr'>saepe</span> <span class='ocrx_word' id='word_1_181' title='bbox 1282 2308 1377 2334; x_wconf 85' lang='lat' dir='ltr'>vero</span> <span class='ocrx_word' id='word_1_182' title='bbox 1398 2308 1472 2347; x_wconf 86' lang='lat' dir='ltr'>per</span> <span class='ocrx_word' id='word_1_183' title='bbox 1487 2293 1658 2346; x_wconf 83' lang='lat' dir='ltr'>longam</span> 
     </span>
     <span class='ocr_line' id='line_1_24' title="bbox 129 2361 1658 2416; baseline -0.003 -11"><span class='ocrx_word' id='word_1_184' title='bbox 129 2362 321 2405; x_wconf 85' lang='lat' dir='ltr'>foliorum</span> <span class='ocrx_word' id='word_1_185' title='bbox 338 2361 483 2403; x_wconf 86' lang='lat' dir='ltr'>seriem</span> <span class='ocrx_word' id='word_1_186' title='bbox 500 2366 669 2403; x_wconf 88' lang='lat' dir='ltr'>tantum</span> <span class='ocrx_word' id='word_1_187' title='bbox 689 2376 772 2402; x_wconf 89' lang='lat' dir='ltr'>non</span> <span class='ocrx_word' id='word_1_188' title='bbox 794 2377 960 2416; x_wconf 90' lang='lat' dir='ltr'>prorsus</span> <span class='ocrx_word' id='word_1_189' title='bbox 982 2362 1229 2403; x_wconf 86' lang='lat' dir='ltr'>deficientia.</span> <span class='ocrx_word' id='word_1_190' title='bbox 1264 2361 1380 2403; x_wconf 77' lang='lat' dir='ltr'>Quae</span> <span class='ocrx_word' id='word_1_191' title='bbox 1397 2365 1535 2402; x_wconf 87' lang='lat' dir='ltr'>autem</span> <span class='ocrx_word' id='word_1_192' title='bbox 1557 2361 1601 2402; x_wconf 90' lang='lat' dir='ltr'>in</span> <span class='ocrx_word' id='word_1_193' title='bbox 1618 2362 1658 2401; x_wconf 93' lang='lat' dir='ltr'>A</span> 
     </span>
     <span class='ocr_line' id='line_1_25' title="bbox 130 2428 1657 2485; baseline -0.002 -13"><span class='ocrx_word' id='word_1_194' title='bbox 130 2434 294 2485; x_wconf 82' lang='lat' dir='ltr'>recepta</span> <span class='ocrx_word' id='word_1_195' title='bbox 314 2434 414 2472; x_wconf 90' lang='lat' dir='ltr'>sunt</span> <span class='ocrx_word' id='word_1_196' title='bbox 437 2431 632 2485; x_wconf 86' lang='lat' dir='ltr'>pleraque</span> <span class='ocrx_word' id='word_1_197' title='bbox 653 2430 776 2471; x_wconf 83' lang='lat' dir='ltr'>etiam</span> <span class='ocrx_word' id='word_1_198' title='bbox 810 2430 854 2470; x_wconf 93' lang='lat' dir='ltr'>in</span> <span class='ocrx_word' id='word_1_199' title='bbox 884 2429 1083 2484; x_wconf 88' lang='lat' dir='ltr'>ampliore</span> <span class='ocrx_word' id='word_1_200' title='bbox 1108 2430 1302 2472; x_wconf 86' lang='lat' dir='ltr'>editionis</span> <span class='ocrx_word' id='word_1_201' title='bbox 1334 2430 1545 2470; x_wconf 82' lang='lat' dir='ltr'>Romanae</span> <span class='ocrx_word' id='word_1_202' title='bbox 1575 2428 1657 2470; x_wconf 91' lang='lat' dir='ltr'>col-</span> 
     </span>
     <span class='ocr_line' id='line_1_26' title="bbox 130 2498 1656 2553; baseline -0.001 -13"><span class='ocrx_word' id='word_1_203' title='bbox 130 2499 305 2541; x_wconf 88' lang='lat' dir='ltr'>lectione</span> <span class='ocrx_word' id='word_1_204' title='bbox 345 2499 557 2553; x_wconf 88' lang='lat' dir='ltr'>leguntur‚</span> <span class='ocrx_word' id='word_1_205' title='bbox 600 2498 810 2540; x_wconf 76' lang='lat' dir='ltr'>interdum</span> <span class='ocrx_word' id='word_1_206' title='bbox 860 2513 954 2540; x_wconf 90' lang='lat' dir='ltr'>cum</span> <span class='ocrx_word' id='word_1_207' title='bbox 1005 2499 1086 2540; x_wconf 88' lang='lat' dir='ltr'>levi</span> <span class='ocrx_word' id='word_1_208' title='bbox 1128 2499 1354 2553; x_wconf 78' lang='lat' dir='ltr'>scripturae</span> <span class='ocrx_word' id='word_1_209' title='bbox 1401 2498 1656 2539; x_wconf 84' lang='lat' dir='ltr'>diversitate.</span> 
     </span>
     <span class='ocr_line' id='line_1_27' title="bbox 130 2567 1660 2623; baseline -0.002 -14"><span class='ocrx_word' id='word_1_210' title='bbox 130 2569 259 2610; x_wconf 87' lang='lat' dir='ltr'>Porro</span> <span class='ocrx_word' id='word_1_211' title='bbox 294 2568 527 2610; x_wconf 89' lang='lat' dir='ltr'>notandum</span> <span class='ocrx_word' id='word_1_212' title='bbox 561 2568 815 2622; x_wconf 83' lang='lat' dir='ltr'>glossemata</span> <span class='ocrx_word' id='word_1_213' title='bbox 850 2568 985 2609; x_wconf 89' lang='lat' dir='ltr'>multa</span> <span class='ocrx_word' id='word_1_214' title='bbox 1019 2583 1124 2623; x_wconf 89' lang='lat' dir='ltr'>quae</span> <span class='ocrx_word' id='word_1_215' title='bbox 1154 2567 1290 2609; x_wconf 81' lang='lat' dir='ltr'>textui</span> <span class='ocrx_word' id='word_1_216' title='bbox 1321 2567 1660 2622; x_wconf 88' lang='lat' dir='ltr'>superscribenda</span> 
     </span>
     <span class='ocr_line' id='line_1_28' title="bbox 130 2635 1659 2690; baseline -0.003 -10"><span class='ocrx_word' id='word_1_217' title='bbox 130 2637 297 2680; x_wconf 85' lang='lat' dir='ltr'>fuerant</span> <span class='ocrx_word' id='word_1_218' title='bbox 317 2637 383 2677; x_wconf 90' lang='lat' dir='ltr'>vel</span> <span class='ocrx_word' id='word_1_219' title='bbox 402 2651 500 2678; x_wconf 88' lang='lat' dir='ltr'>casu</span> <span class='ocrx_word' id='word_1_220' title='bbox 514 2636 579 2679; x_wconf 89' lang='lat' dir='ltr'>vel</span> <span class='ocrx_word' id='word_1_221' title='bbox 601 2639 768 2690; x_wconf 86' lang='lat' dir='ltr'>propter</span> <span class='ocrx_word' id='word_1_222' title='bbox 784 2636 909 2689; x_wconf 86' lang='lat' dir='ltr'>spatii</span> <span class='ocrx_word' id='word_1_223' title='bbox 929 2637 1169 2690; x_wconf 85' lang='lat' dir='ltr'>angustiam</span> <span class='ocrx_word' id='word_1_224' title='bbox 1187 2637 1230 2677; x_wconf 89' lang='lat' dir='ltr'>in</span> <span class='ocrx_word' id='word_1_225' title='bbox 1251 2636 1442 2690; x_wconf 85' lang='lat' dir='ltr'>margine</span> <span class='ocrx_word' id='word_1_226' title='bbox 1463 2635 1659 2676; x_wconf 90' lang='lat' dir='ltr'>interiore</span> 
     </span>
     <span class='ocr_line' id='line_1_29' title="bbox 133 2704 1660 2760; baseline -0.002 -13"><span class='ocrx_word' id='word_1_227' title='bbox 133 2706 287 2760; x_wconf 87' lang='lat' dir='ltr'>scripta</span> <span class='ocrx_word' id='word_1_228' title='bbox 325 2719 425 2755; x_wconf 88' lang='lat' dir='ltr'>esse,</span> <span class='ocrx_word' id='word_1_229' title='bbox 461 2704 809 2760; x_wconf 85' lang='lat' dir='ltr'>quemadmodum</span> <span class='ocrx_word' id='word_1_230' title='bbox 848 2705 1030 2746; x_wconf 86' lang='lat' dir='ltr'>vicissim</span> <span class='ocrx_word' id='word_1_231' title='bbox 1072 2706 1361 2746; x_wconf 84' lang='lat' dir='ltr'>annotationes</span> <span class='ocrx_word' id='word_1_232' title='bbox 1402 2704 1568 2745; x_wconf 84' lang='lat' dir='ltr'>criticae</span> <span class='ocrx_word' id='word_1_233' title='bbox 1609 2704 1660 2744; x_wconf 91' lang='lat' dir='ltr'>de</span> 
     </span>
     <span class='ocr_line' id='line_1_30' title="bbox 133 2772 1659 2828; baseline -0.001 -12"><span class='ocrx_word' id='word_1_234' title='bbox 133 2773 335 2816; x_wconf 88' lang='lat' dir='ltr'>Zenodoti</span> <span class='ocrx_word' id='word_1_235' title='bbox 357 2773 592 2815; x_wconf 88' lang='lat' dir='ltr'>Aristarchi</span> <span class='ocrx_word' id='word_1_236' title='bbox 619 2772 874 2828; x_wconf 89' lang='lat' dir='ltr'>aliorumque</span> <span class='ocrx_word' id='word_1_237' title='bbox 904 2773 1275 2828; x_wconf 87' lang='lat' dir='ltr'>grammaticorum</span> <span class='ocrx_word' id='word_1_238' title='bbox 1306 2772 1534 2826; x_wconf 87' lang='lat' dir='ltr'>scripturis,</span> <span class='ocrx_word' id='word_1_239' title='bbox 1556 2787 1659 2827; x_wconf 88' lang='lat' dir='ltr'>quae</span> 
     </span>
     <span class='ocr_line' id='line_1_31' title="bbox 133 2841 1660 2897; baseline -0.002 -13"><span class='ocrx_word' id='word_1_240' title='bbox 133 2842 179 2885; x_wconf 85' lang='lat' dir='ltr'>in</span> <span class='ocrx_word' id='word_1_241' title='bbox 218 2841 408 2897; x_wconf 78' lang='lat' dir='ltr'>margine</span> <span class='ocrx_word' id='word_1_242' title='bbox 447 2841 644 2882; x_wconf 84' lang='lat' dir='ltr'>interiore</span> <span class='ocrx_word' id='word_1_243' title='bbox 688 2842 787 2895; x_wconf 91' lang='lat' dir='ltr'>poni</span> <span class='ocrx_word' id='word_1_244' title='bbox 831 2841 1048 2892; x_wconf 88' lang='lat' dir='ltr'>debebant,</span> <span class='ocrx_word' id='word_1_245' title='bbox 1090 2841 1302 2882; x_wconf 87' lang='lat' dir='ltr'>interdum</span> <span class='ocrx_word' id='word_1_246' title='bbox 1336 2856 1460 2896; x_wconf 87' lang='lat' dir='ltr'>supra</span> <span class='ocrx_word' id='word_1_247' title='bbox 1496 2844 1660 2882; x_wconf 80' lang='lat' dir='ltr'>textum</span> 
     </span>
     <span class='ocr_line' id='line_1_32' title="bbox 135 2909 1660 2966; baseline -0.002 -14"><span class='ocrx_word' id='word_1_248' title='bbox 135 2910 290 2964; x_wconf 85' lang='lat' dir='ltr'>scripta</span> <span class='ocrx_word' id='word_1_249' title='bbox 311 2915 422 2952; x_wconf 90' lang='lat' dir='ltr'>sunt.</span> <span class='ocrx_word' id='word_1_250' title='bbox 455 2909 580 2951; x_wconf 88' lang='lat' dir='ltr'>Unde</span> <span class='ocrx_word' id='word_1_251' title='bbox 601 2910 649 2951; x_wconf 90' lang='lat' dir='ltr'>fit</span> <span class='ocrx_word' id='word_1_252' title='bbox 670 2914 719 2952; x_wconf 90' lang='lat' dir='ltr'>ut</span> <span class='ocrx_word' id='word_1_253' title='bbox 739 2925 858 2966; x_wconf 87' lang='lat' dir='ltr'>saepe</span> <span class='ocrx_word' id='word_1_254' title='bbox 887 2910 1089 2952; x_wconf 88' lang='lat' dir='ltr'>incertum</span> <span class='ocrx_word' id='word_1_255' title='bbox 1114 2910 1169 2951; x_wconf 90' lang='lat' dir='ltr'>sit</span> <span class='ocrx_word' id='word_1_256' title='bbox 1190 2914 1332 2950; x_wconf 86' lang='lat' dir='ltr'>utrum</span> <span class='ocrx_word' id='word_1_257' title='bbox 1353 2909 1498 2951; x_wconf 87' lang='lat' dir='ltr'>breves</span> <span class='ocrx_word' id='word_1_258' title='bbox 1518 2909 1660 2950; x_wconf 87' lang='lat' dir='ltr'>huius-</span> 
     </span>
     <span class='ocr_line' id='line_1_33' title="bbox 136 2978 1663 3039; baseline -0.003 -16"><span class='ocrx_word' id='word_1_259' title='bbox 136 2979 247 3023; x_wconf 87' lang='lat' dir='ltr'>modi</span> <span class='ocrx_word' id='word_1_260' title='bbox 273 2979 562 3022; x_wconf 86' lang='lat' dir='ltr'>annotationes</span> <span class='ocrx_word' id='word_1_261' title='bbox 589 2979 854 3039; x_wconf 83' lang='lat' dir='ltr'>glossematis</span> <span class='ocrx_word' id='word_1_262' title='bbox 879 2979 1215 3021; x_wconf 83' lang='lat' dir='ltr'>interlincaribus</span> <span class='ocrx_word' id='word_1_263' title='bbox 1246 2979 1330 3020; x_wconf 90' lang='lat' dir='ltr'>sint</span> <span class='ocrx_word' id='word_1_264' title='bbox 1355 2978 1663 3020; x_wconf 85' lang='lat' dir='ltr'>annumeranda</span> 
     </span>
    </p>
   </div>
   <div class='ocr_carea' id='block_1_3' title="bbox 1672 1058 1694 1096">
    <p class='ocr_par' dir='ltr' id='par_1_3' title="bbox 1672 1058 1694 1096">
     <span class='ocr_line' id='line_1_34' title="bbox 1672 1058 1694 1096; baseline 0 0"><span class='ocrx_word' id='word_1_265' title='bbox 1672 1058 1694 1096; x_wconf 88' lang='lat'>5</span> 
     </span>
    </p>
   </div>
   <div class='ocr_carea' id='block_1_4' title="bbox 1679 1410 1726 1436">
    <p class='ocr_par' dir='ltr' id='par_1_4' title="bbox 1679 1410 1726 1436">
     <span class='ocr_line' id='line_1_35' title="bbox 1679 1410 1726 1436; baseline 0.021 -1"><span class='ocrx_word' id='word_1_266' title='bbox 1679 1410 1726 1436; x_wconf 88' lang='lat'>10</span> 
     </span>
    </p>
   </div>
   <div class='ocr_carea' id='block_1_5' title="bbox 1680 2099 1729 2125">
    <p class='ocr_par' dir='ltr' id='par_1_5' title="bbox 1680 2099 1729 2125">
     <span class='ocr_line' id='line_1_36' title="bbox 1680 2099 1729 2125; baseline 0 0"><span class='ocrx_word' id='word_1_267' title='bbox 1680 2099 1729 2125; x_wconf 89' lang='lat'>20</span> 
     </span>
    </p>
   </div>
   <div class='ocr_carea' id='block_1_6' title="bbox 1680 2443 1728 2480">
    <p class='ocr_par' dir='ltr' id='par_1_6' title="bbox 1680 2443 1728 2480">
     <span class='ocr_line' id='line_1_37' title="bbox 1680 2443 1728 2480; baseline 0 0"><span class='ocrx_word' id='word_1_268' title='bbox 1680 2443 1728 2480; x_wconf 87' lang='lat'>25</span> 
     </span>
    </p>
   </div>
   <div class='ocr_carea' id='block_1_7' title="bbox 1681 2787 1732 2824">
    <p class='ocr_par' dir='ltr' id='par_1_7' title="bbox 1681 2787 1732 2824">
     <span class='ocr_line' id='line_1_38' title="bbox 1681 2787 1732 2824; baseline 0 -12"><span class='ocrx_word' id='word_1_269' title='bbox 1681 2787 1732 2824; x_wconf 77' lang='lat'>30</span> 
     </span>
    </p>
   </div>
  </div>
 </body>
</html>
