1974 3305
140 608 234 647 224.

134 1013 228 1057 225.

127 1342 227 1385 226.

130 1624 224 1666 227.

129 2156 224 2199 228.

126 2645 222 2687 229.

735 160 957 200 ῐΛΙΑΔοΣ
999 160 1049 199 x.
1093 160 1202 213 (22)

315 291 322 299 .
355 258 475 311 αὐτὰρ
495 260 572 313 ἐγὼ
594 261 786 313 Ζεφύροιο

314 358 322 367 .
355 330 508 379 εἵσομαι
529 328 574 379 ἐξ
592 330 742 369 ἁλόθεν

313 427 321 436 .
353 397 493 450 τεύχεα
513 399 601 447 κῆαι

354 464 527 506 πολλοὺς
547 465 588 503 οἵ
603 465 653 515 ῥα
674 461 753 502 κατ’
776 463 893 504 αὐτόν

352 533 429 570 πᾶν
450 529 483 570 δ’
505 530 693 581 ἐξηράνθη

313 629 321 637 .
354 598 490 648 κνίσην
510 599 752 649 μελδόμενος

311 697 319 704 .
351 666 451 717 ἀμφὶ
473 667 514 706 δὲ
535 665 752 718 σάλπιγξεν

311 765 319 773 .
351 733 452 773 τίπτ’
475 733 553 774 αὖτ’
578 733 607 774 ὦ
630 734 813 784 κυνάμυια

310 832 318 841 .
350 801 570 852 οὐτάμεναι,
594 801 688 852 αὐτὴ
709 802 753 842 δέ

310 901 317 908 .
350 868 569 920 οὐτάμεναι,
603 870 696 920 αὐτὴ
733 871 775 910 δὲ
810 871 928 910 πανό-

389 941 488 990 ψιον

307 1039 315 1047 .
348 1007 590 1057 σμερδαλέην

347 1076 413 1114 καί
428 1074 464 1126 ῥ’
486 1075 733 1125 ἐπιεισαμένη

305 1174 313 1182 .
346 1146 511 1184 τοιοῦτοι
532 1146 598 1184 νῦν
620 1142 762 1185 πάντες

306 1240 314 1248 .
347 1207 422 1248 ὧδέ
441 1225 483 1248 τε
505 1209 718 1259 θαρσαλέοι

305 1306 313 1314 .
347 1275 552 1326 διέσταμεν

304 1375 312 1383 .
345 1344 422 1394 πὰρ
444 1343 536 1385 Διὸς
561 1345 739 1386 ἐλθόντες

304 1443 312 1451 .
345 1414 487 1462 Φοῖβε,
512 1413 560 1452 σὺ
581 1411 611 1452 δ’
641 1415 840 1455 εἰλίποδας

304 1511 311 1519 .
344 1479 475 1522 ἕλικας
494 1483 592 1530 βοῦς

305 1579 313 1587 .
346 1551 484 1588 στεῦτο
506 1548 548 1588 δέ
566 1547 603 1600 γ’
626 1549 859 1601 ἀμφοτέρων

303 1647 311 1655 .
343 1617 380 1656 οἱ
401 1615 435 1655 δ’
455 1615 563 1656 αὐτοὶ
585 1617 830 1668 δηριαάσθων

300 1715 308 1723 .
334 1682 518 1734 Ἀρτεμις
540 1685 728 1735 ἀγροτέρη

301 1783 310 1791 .
342 1752 532 1792 ὀνείδειον
553 1751 656 1804 φάτο
677 1755 801 1802 μῦθον

302 1851 310 1859 .
340 1820 393 1870 μή
414 1836 486 1860 σευ
508 1822 576 1860 νῦν
596 1819 652 1860 ἔτι

302 1919 310 1926 .
341 1888 448 1928 ἀλλὰ
467 1888 728 1941 χολωσαμένη

302 1987 310 1995 .
341 1954 426 2005 ἤτοι
446 1955 643 2006 βέλτερόν
664 1957 746 1996 ἐστι

299 2055 307 2064 .
340 2024 374 2063 εἰ
394 2021 428 2062 δ’
449 2023 596 2065 ἐθέλεις

298 2117 308 2128 .
340 2089 444 2129 ὥστε
465 2088 603 2129 πέλεια

300 2189 308 2196 .
339 2156 519 2210 χρησμὸν
539 2155 619 2197 οὐδ’
641 2157 716 2209 ἄρα
737 2157 781 2213 τῇ
802 2174 848 2209 γε

299 2258 307 2266 .
341 2226 390 2267 ὣς
411 2223 471 2276 ἄρ’
494 2226 569 2277 ἔφη

298 2325 307 2333 .
340 2294 411 2344 τὴν
432 2295 474 2334 δὲ
494 2294 606 2344 προτὶ
629 2295 669 2334 οῖ

298 2394 307 2403 .
338 2362 406 2403 τὸν
426 2362 459 2402 δ’
481 2363 572 2404 αὖτε
593 2363 827 2414 προσέειπεν

299 2463 308 2472 .
342 2431 447 2473 αὖτις
468 2430 528 2473 ἐπ’
551 2431 612 2484 ἂψ
634 2431 789 2482 θέμεναι

298 2530 306 2538 .
337 2498 390 2550 μὴ
421 2499 536 2542 οὖλος
568 2500 664 2552 ἀνὴρ
700 2503 754 2543 εἰς
789 2504 918 2554 τεῖχος

379 2568 520 2619 ἅληται

298 2667 306 2676 .
339 2636 379 2675 αἱ
400 2637 441 2676 δὲ
460 2640 721 2678 πετασθεῖσαι

297 2735 304 2744 .
336 2703 400 2743 ἵνα
419 2703 558 2757 λοιγὸν
579 2706 720 2756 ἀμύναι

298 2802 307 2811 .
339 2775 500 2823 φεῦγον,
523 2775 544 2814 ὁ
566 2774 608 2814 δὲ
629 2775 831 2827 σφεδανόν

299 2871 307 2879 .
341 2841 362 2879 ὁ
383 2841 425 2880 δὲ
446 2844 655 2893 σφεδανῶν

298 2939 306 2947 .
339 2907 433 2948 ἔνθα
459 2925 526 2949 κεν
545 2911 750 2962 ὑψίπυλον

299 3006 308 3015 .
341 2975 461 3028 αὐτὰρ
482 2977 504 3016 ὅ
523 2975 562 3029 γ’
584 2978 634 3020 ὣς
655 2979 816 3027 ἐνόησεν

1001 272 1022 301 2
1028 273 1094 315 30.

1002 678 1094 721 23¹·

996 1423 1088 1467 233.

992 1969 1086 2012 234.

989 2638 1084 2693 236.

1146 273 1179 302 1.

1141 342 1180 383 3.

1117 409 1181 437 1‘2.

1119 465 1182 504 16.

1118 544 1181 583 19.

1116 611 1183 640 22.

1109 2039 1173 2066 10.

1109 2104 1171 2145 17.

1109 2174 1172 2214 19.

1077 2229 1171 2271 .8.

1109 2310 1172 2348 14.

1110 2375 1172 2418 17.

1106 2447 1169 2487 19.

1106 2514 1171 2543 21.

1103 2583 1169 2625 23.

1137 2651 1174 2680 2.

1105 2719 1169 2746 II.

1106 2788 1122 2814 1
1133 2784 1168 2826 7.

1102 2855 1168 2893 24.

1710 162 1793 201 377

1213 263 1246 302 εἰ
1265 261 1310 301 δέ
1329 278 1394 302 κεν
1414 261 1451 301 οἱ
1472 259 1708 313 προπάροιθε

1214 329 1374 379 ἔμμεναι
1395 329 1514 380 αὐτάρ
1534 331 1570 369 οἱ

1214 397 1285 447 ἤδη
1306 414 1380 438 που
1401 397 1493 448 μάλ’
1515 398 1662 440 ἔολπας

1215 466 1255 505 ἐν
1276 465 1349 516 γάρ
1372 467 1408 505 οἱ
1428 465 1567 508 πολέες
1588 482 1630 505 τε

1214 533 1253 571 οἵ
1271 549 1312 572 κε
1333 534 1480 584 πρόσθε
1501 535 1631 585 φίλων

1216 601 1363 650 πότμον
1385 600 1552 652 ἐφέψεις

1175 700 1182 707 .
1217 668 1376 708 διώκετο
1397 669 1635 720 πυροφόροιο
1656 684 1737 709 om.

1172 763 1180 773 .
1215 735 1354 776 τυτθὸν
1374 735 1689 787 ὑπερπροθέοντα

1283 941 1331 979 x.
1384 940 1496 991 (22)

1170 1106 1176 1114 .
1213 1075 1378 1128 καλῇσιν
1401 1074 1616 1125 ἐπάλξεσιν
1637 1090 1716 1116 om.

1170 1174 1177 1180 .
1212 1141 1233 1191 ἦ
1255 1142 1301 1182 νύ
1320 1159 1380 1182 τοι
1401 1143 1483 1182 οὔτι
1509 1141 1622 1193 μέλει
1643 1146 1789 1195 Τρώων

1251 1211 1368 1251 πόνος
1389 1210 1454 1252 οὓς
1476 1211 1683 1262 ἐφόβησας

1169 1309 1176 1317 .
1209 1278 1251 1319 ὅς
1270 1278 1319 1329 ῥά
1339 1295 1381 1318 τε
1400 1279 1485 1329 ῥεῖα

1208 1346 1253 1386 ὄν
1274 1362 1316 1385 τε
1339 1346 1415 1386 κύν’
1440 1345 1628 1397 Ὠρίωνος

1211 1414 1276 1453 καί
1293 1430 1336 1454 τε
1358 1412 1470 1466 φέρει
1491 1416 1644 1455 πολλόν

1167 1511 1175 1520 .
1210 1479 1394 1534 σχέτλιος
1419 1484 1501 1522 αἴθε
1523 1485 1673 1524 θεοῖσιν

1166 1582 1173 1589 .
1209 1552 1326 1600 φίλος
1346 1552 1537 1592 τοσσόνδε
1620 1566 1622 1583 ¹

1166 1649 1173 1657 .
1206 1617 1296 1657 ἀλλ’
1330 1620 1362 1658 εἰ
1396 1620 1467 1669 μὲν
1505 1620 1645 1669 ζώουσι
1688 1623 1787 1671 μετὰ

1249 1689 1400 1741 στρατῷ

1166 1786 1173 1794 .
1208 1754 1474 1805 ὀνομάκλυτος
1490 1755 1642 1806 ’Ἄλτης

1163 1855 1171 1863 .
1203 1825 1337 1862 πολλὰ
1381 1825 1454 1875 γὰρ
1500 1824 1635 1865 ὤπασε
1678 1826 1785 1865 παιδὶ

1249 1891 1375 1942 γέρων

1167 1991 1174 1998 .
1209 1960 1241 1999 εἰ
1263 1957 1295 1998 δ’
1316 1958 1388 2010 ἤδη
1411 1963 1573 2001 τεθνᾶσι

1207 2030 1344 2078 Τρῶας
1365 2028 1426 2068 καὶ
1447 2029 1583 2080 Τρωάς

1206 2094 1322 2134 αὐτὸν
1343 2094 1376 2134 δ’
1397 2094 1446 2136 ἂν
1466 2097 1642 2147 πύματόν
1662 2114 1703 2137 τε

1205 2161 1370 2212 ὠμισταὶ
1394 2163 1571 2214 ἐρύουσιν

1205 2229 1336 2280 αὐτήν·
1371 2232 1406 2270 εἴ
1423 2229 1520 2271 ποτέ
1540 2249 1599 2271 τοι

1204 2301 1283 2338 τῶν
1302 2300 1447 2348 μνῆσαι
1468 2300 1563 2350 φίλε
1585 2299 1721 2341 τέκνον

1204 2366 1353 2418 τείχεος
1374 2367 1481 2408 ἐντός

1202 2433 1283 2474 οὐδ’
1305 2434 1453 2487 ἄλοχος
1474 2437 1700 2488 πολύδωρος

1203 2504 1336 2542 πολλὰ
1356 2503 1583 2554 λισσομένω

1204 2571 1255 2612 ὡς
1277 2571 1319 2610 δὲ
1341 2570 1494 2622 δράκων
1515 2572 1578 2612 ἐπὶ
1599 2573 1686 2628 χειῇ

1207 2639 1240 2678 εἰ
1261 2636 1307 2679 δέ
1327 2655 1392 2679 κεν
1413 2639 1560 2679 ἀσπίδα
1578 2640 1650 2691 μέν

1202 2706 1378 2757 δωσέμεν
1400 2705 1620 2759 Ἀτρείδῃσι

1200 2774 1252 2825 μή
1272 2790 1340 2825 μιν
1362 2775 1439 2826 ἐγὼ
1460 2774 1533 2825 μέν

1201 2841 1290 2882 οὐδέ
1311 2842 1351 2882 τί
1366 2841 1407 2892 μ’
1430 2843 1626 2884 αἰδέσεται

1102 2918 1154 2961 25
1171 2913 1213 2950 et
1230 2921 1297 2964 32.
1326 2909 1369 2949 οὐ
1389 2909 1464 2960 μέν
1483 2928 1564 2954 πως
1585 2916 1651 2954 νῦν
1672 2914 1782 2955 ἐστιν

1241 2977 1318 3018 ἀπὸ
1341 2979 1452 3029 δρυός
