1974 3305
190 139 275 179 378

188 250 283 294 237.
334 252 370 281 2.
405 239 589 291 παρθένος
620 237 747 287 ἠΐθεός
777 236 808 276 τ’
838 236 986 289 ὀαρίζε-

329 389 367 428 9.

305 455 368 482 11.

305 510 353 548 16

301 589 366 619 20.

300 657 367 686 21.

302 721 367 764 25.

301 790 366 831 27.

297 928 363 969 30.

182 983 278 1037 238.
325 996 364 1037 3.

298 1063 363 1093 22.

297 1197 361 1239 27.

182 1268 276 1309 239.
326 1267 363 1295 2.

328 1337 366 1376 9.

298 1403 361 1430 11.

300 1471 365 1514 13.

298 1537 361 1579 17.

297 1607 362 1637 20.

296 1676 362 1713 24.

295 1744 362 1784 29.

180 1810 274 1849 240.
322 1808 347 1851 5

325 1878 360 1919 7.

321 1934 358 1975 8.

297 2015 360 2044 12.

297 2084 360 2124 19.

295 2151 360 2194 23.

293 2287 359 2329 25.

293 2344 358 2386 28.

289 2426 357 2468 30.

178 2494 270 2533 241.
319 2496 357 2533 4.

317 2552 354 2591 6.

318 2630 354 2671 7.

294 2701 356 2728 10.

294 2769 356 2811 13·

294 2836 356 2876 17.

292 2903 357 2941 24.

290 2973 356 3013 31.

795 136 1021 176 ιΛῐΑΔοΣ
1062 136 1110 175 ψ.
1153 134 1266 187 (23)

447 323 513 347 τον

401 374 452 416 ὣς
472 373 531 425 ἄρ’
552 372 611 425 ὅγ”
632 373 831 424 ἐμμεμαώς

402 442 552 494 τείχεος
577 441 659 482 αἰέν

398 510 421 560 ἡ
443 508 477 548 δ’
502 510 609 561 ἑτέρη
631 510 733 560 θέρεϊ

399 577 446 632 τῇ
467 578 514 629 ῥα
535 578 827 630 παραδραμέτην

400 646 550 697 πρόσθε
569 645 641 695 μὲν
662 645 804 687 ἐσθλὸς

396 713 501 752 ἀλλὰ
522 713 608 763 περὶ
629 715 761 765 ψυχῆς

399 780 484 831 περὶ
515 780 684 831 τέρματα
713 780 889 832 μώνυχες
917 781 977 819 ‘ivre

440 864 505 888 ποι

398 914 420 965 ἢ
438 917 567 967 τρίπος
588 915 632 965 ἠὲ
653 915 748 967 γυνή

397 982 534 1034 θάρσει
554 983 792 1034 τριτογένεια

397 1051 447 1093 ὡς
467 1051 488 1090 ὁ
511 1050 582 1091 τὸν
604 1051 648 1091 οὐ
671 1051 808 1091 δύνατο
824 1050 978 1103 μάρψαι

437 1120 556 1159 ποσίν

396 1190 475 1228 πῶς
495 1187 538 1228 δέ
558 1204 623 1228 κεν
638 1187 791 1239 “Ἐκτωρ

397 1256 572 1307 ἐγγύθεν,
595 1256 644 1298 ὥς
665 1257 702 1295 οἱ
723 1257 876 1307 ἐπῶρσε

400 1323 493 1363 ἀλλ’
515 1324 580 1365 ὅτε
602 1323 646 1374 δὴ
667 1324 712 1363 τὸ
735 1324 920 1375 τέταρτον

393 1392 434 1432 ἐν
456 1392 498 1431 δὲ
519 1392 614 1432 τίθει
636 1392 702 1432 δύο
726 1394 813 1444 κῆρε

398 1463 465 1500 νῦν
486 1460 530 1510 δὴ
553 1458 623 1500 νῶΐ
639 1459 677 1512 γ’

394 1526 490 1578 ἠθεῑο
513 1527 537 1578 ἧ
558 1529 666 1579 μάλα
688 1527 733 1579 δή
755 1546 801 1569 σε

397 1595 497 1636 ἔστω
519 1596 693 1647 φειδωλή

395 1665 445 1706 ὡς
471 1665 625 1715 φαμένη
647 1665 710 1705 καὶ
732 1664 941 1716 κερδοσύνη

388 1732 468 1784 τρὶς
488 1733 574 1784 περὶ
596 1733 693 1773 ἄστυ

393 1799 577 1851 μάρτυροι
599 1800 755 1840 ἔσονται

395 1869 587 1918 ἁρμονίων

392 1933 468 1990 δῷῃ
491 1937 702 1986 καμμονίην

395 2003 660 2054 συνημοσύνας
683 2004 844 2055 ἀγόρευε

394 2072 502 2123 ὅρκια
524 2071 710 2112 ἔσσονται

393 2139 497 2180 ἀλλά
521 2157 578 2182 τις
607 2140 787 2191 ἀρτιεπὴς
810 2140 870 2181 καὶ
892 2140 972 2180 ἐπία

436 2214 580 2251 κλοπος

392 2276 601 2320 ἐπίκλοπος

391 2350 468 2387 τῶν
491 2345 574 2387 αὖτ’
594 2346 686 2397 ἐμὸν
702 2347 820 2401 ἔγχος
837 2347 973 2388 ἄλευαι

391 2414 576 2467 χάλκεον,
600 2416 649 2458 ὡς
670 2414 716 2466 δή
736 2432 802 2466 μιν
824 2419 881 2470 σῷ

394 2486 463 2524 νῦν
484 2485 525 2524 δὲ
546 2483 590 2534 δὴ
614 2483 750 2536 ἐγγύθι
769 2500 834 2534 μοι

385 2552 437 2603 μὴ
462 2553 537 2603 μὰν
561 2553 733 2593 ἀσπουδί
753 2568 800 2604 γε

387 2622 549 2671 οἴμησεν
570 2623 602 2661 δ’
625 2620 731 2662 ἀλείς

389 2689 552 2741 ἕσπερος
574 2688 616 2731 ὃς
639 2688 851 2731 κάλλιστος

389 2758 438 2799 ὡς
459 2758 600 2811 αἰχμῆς
621 2756 817 2808 ἀπέλαμπ’

388 2828 457 2865 τοῦ
479 2827 520 2865 δὲ
543 2826 604 2866 καὶ
626 2827 728 2866 ἄλλο
750 2826 871 2866 τόσον

390 2894 495 2944 ὄφρα
516 2894 555 2934 τί
571 2910 636 2944 μιν
657 2894 872 2945 προτιείποι

389 2964 499 3011 σῶμα
521 2963 561 3002 δὲ
583 2961 701 3003 οἴκαδ’
725 2962 818 3013 ἐμόν

1169 249 1235 291 33·

1268 239 1400 287 Τρῶες
1421 236 1484 277 καὶ
1503 236 1648 288 Τρώων
1669 236 1810 289 ἄλοχοι

1057 314 1151 353 242.
1199 313 1237 357 5.
1270 304 1319 346 ὣς
1341 304 1408 345 οὐκ
1431 303 1516 345 ἔσθ)
1533 303 1577 346 ὃς
1597 306 1667 354 σῆς
1687 320 1732 355 γε

1199 381 1220 423 7
1244 375 1286 411 et
1311 383 1374 413 12.
1418 371 1497 412 οὐδ’
1531 373 1567 412 εἴ
1597 388 1662 412 κεν
1697 370 1847 412 δεκάκις

1053 653 1145 695 243.

1051 925 1146 966 244.

1050 991 1142 1035 245.

1049 1457 1142 1506 246.

1045 2206 1139 2257 248.

1046 2424 1139 2468 249.

1044 2700 1064 2730 2
1069 2698 1136 2742 50.

1170 516 1234 558 17.

1166 587 1233 628 31.

1193 656 1231 697 3.

1169 724 1231 765 19.

1168 859 1235 887 21.

1170 927 1235 955 20.

1196 996 1229 1023 Ι.

1194 1063 1229 1092 2.

1189 1198 1229 1234 4.

1170 1265 1230 1293 12.

1167 1332 1228 1372 13.

1164 1401 1231 1441 24.

1192 1470 1230 1509 9.

1166 1536 1228 1576 17.

1166 1607 1229 1647 19.

1164 1674 1229 1702 22.

1163 1742 1228 1781 24.

1134 1830 1141 1839 .
1163 1798 1227 1838 26.

1164 1865 1228 1906 28.

1162 2218 1224 2259 13.

1161 2287 1227 2326 24.

1161 2494 1225 2522 10.

1160 2563 1224 2591 11.

1160 2620 1224 2660 16.

1159 2838 1222 2866 12.

1160 2906 1221 2944 14.

1159 2962 1221 3002 18.

1310 456 1351 479 τε

1267 507 1346 548 οὐδ’
1371 510 1406 548 εἵ
1424 525 1488 549 κεν
1510 507 1547 548 σ’
1571 508 1686 548 αὐτόν

1266 574 1295 615 ὦ
1323 577 1435 628 φίλοι
1457 575 1645 628 Ἀργείων
1664 574 1849 627 ἡγήτορες

1264 644 1395 694 ἐπειδὴ
1415 643 1518 684 τόνδ’
1541 645 1661 696 ἄνδρα

1265 712 1500 764 ἀμφοτέρων
1533 714 1748 763 μετόπισθε
1777 727 1847 751 πο-

1307 782 1383 821 δῶν

1269 848 1311 887 ἐκ
1333 849 1486 900 δίφροιο
1509 847 1538 889 δ’
1559 848 1674 899 ἔδησε

1269 915 1406 957 τέκνον
1426 917 1501 968 ἐγὼ
1524 916 1633 966 δειλή

1265 986 1359 1024 κατὰ
1379 984 1521 1025 πτόλιν
1541 985 1582 1024 οἵ
1601 1001 1649 1025 σε
1671 984 1760 1025 θεόν

1265 1052 1418 1105 εὐχωλὴ
1458 1054 1555 1093 κατὰ
1596 1053 1694 1092 ἄστυ
1729 1052 1845 1093 πελέ-

1307 1134 1420 1158 σκετο

1262 1185 1353 1225 ἀλλ’
1373 1185 1435 1238 ἥγ’
1459 1186 1569 1227 ἱστὸν
1589 1187 1731 1238 ὕφαινε

1264 1253 1407 1294 ποικίλ’
1431 1254 1608 1295 ἔπασσεν

1261 1322 1284 1372 ἡ
1306 1320 1340 1362 δ’
1363 1322 1468 1364 αὖτις
1490 1323 1639 1378 δμωῇσι

1263 1391 1357 1439 τῆλε
1378 1388 1411 1430 δ’
1433 1390 1509 1431 ἀπὸ
1533 1391 1670 1442 κρατός

1263 1458 1363 1510 ἀμφὶ
1385 1458 1428 1498 δέ
1445 1475 1512 1510 μιν
1532 1459 1665 1514 γαλόῳ
1687 1474 1728 1500 τε

1261 1526 1283 1577 ἡ
1305 1527 1337 1566 δ’
1360 1527 1443 1568 ἐπεὶ
1465 1526 1532 1568 οὖν
1553 1527 1726 1578 ἄμπνυτο

1256 1593 1401 1646 “Em-op
1423 1597 1499 1648 ἐγὼ
1522 1596 1710 1646 δύστηνος

1264 1663 1454 1714 δύσμορος
1470 1665 1677 1715 αἰνόμορον

1259 1730 1383 1784 χήρην
1404 1733 1445 1772 ἐν
1464 1730 1672 1784 μεγάροισι

1261 1800 1466 1850 δευόμενος
1486 1799 1528 1840 δέ
1546 1799 1581 1839 τ’
1604 1800 1728 1840 ἄνεισι

1261 1870 1338 1907 τῶν
1355 1866 1388 1906 δ’
1406 1866 1657 1918 ἐλεησάντων
1679 1867 1844 1917 κοτύλην

1302 1951 1357 1976 τις

1331 2107 1377 2146 Ψ.
1447 2107 1555 2161 (23)

1257 2208 1306 2250 ὡς
1327 2209 1364 2248 οἱ
1382 2209 1456 2260 μὲν
1473 2208 1713 2263 στενάχοντο

1260 2276 1419 2317 δεύοντο
1439 2276 1620 2330 ψάμαθοι

1217 2377 1224 2385 .
1259 2344 1430 2397 δάκρυσι·
1465 2349 1572 2387 τοῖον
1592 2345 1667 2398 γάρ

1217 2446 1224 2454 .
1257 2414 1372 2467 χαῖρέ
1389 2431 1470 2465 μοι,
1493 2414 1522 2455 ὦ
1547 2415 1755 2466 Πάτροκλε

1256 2483 1397 2534 μυρίοι,
1415 2484 1533 2536 αὐτὰρ
1555 2484 1575 2524 ὁ
1595 2487 1724 2524 τοῖσιν

1257 2551 1382 2602 πάντη
1403 2551 1436 2592 δ’
1458 2552 1559 2605 ἀμφὶ
1580 2551 1693 2593 νέκυν

1257 2621 1406 2676 σπουδῇ
1428 2622 1734 2673 παρπεπιθόντες

1215 2721 1223 2729 .
1256 2689 1354 2740 ἦλθε
1375 2689 1408 2730 δ’
1431 2690 1494 2730 ἐπὶ
1515 2689 1625 2743 ψυχή

1217 2789 1225 2797 .
1258 2758 1303 2798 οὐ
1322 2756 1393 2809 μέν
1412 2775 1483 2809 μευ
1502 2759 1664 2808 ζώοντος
1685 2756 1837 2809 ἀκήδεις

1253 2824 1376 2866 θάπτε
1395 2842 1445 2876 με
1465 2825 1547 2866 ὅττι
1566 2825 1737 2879 τάχιστα

1255 2893 1345 2934 οὐδέ
1363 2894 1414 2944 μέ
1428 2910 1488 2934 πω
1508 2894 1723 2945 μίσγεσθαι

1256 2963 1324 3003 καί
1339 2979 1405 3013 μοι
1426 2962 1490 3004 δὸς
1510 2961 1578 3013 τὴν
1597 2959 1693 3015 χεῖρ’
