1974 3305
240 135 323 174 388
852 129 1161 170 ADDENDA.

296 248 392 291 324.
417 245 483 289 25.
514 234 784 288 ἐφέσσεσθαι]
807 232 1026 286 ἐφέσεσθαι
1049 233 1102 272 A.

297 318 392 359 334.
422 317 455 345 1.
489 304 542 344 In
564 305 707 344 annot.
729 301 804 343 lin.
831 315 847 341 1
875 315 948 354 pro
972 305 993 322 ‘⁶
1010 303 1130 341 bexbu
1151 300 1196 340 in
1212 299 1233 316 ''
1260 299 1389 341 scribe
1412 304 1436 323 ‘⁶
1451 302 1572 341 ‘cextu
1593 302 1636 340 eb
1658 300 1743 341 in.’'

297 385 393 427 340.
421 386 455 413 1.
490 374 703 422 Φιλότιμος
726 369 938 423 σοφιστής]
974 368 1078 410 Dele
1113 368 1310 421 σοφιστής
1346 383 1395 409 ex
1431 367 1523 408 aliis
1559 367 1768 409 codicibus

237 440 453 481 addi‘cum:
486 456 526 482 v.
549 443 690 481 annot.
713 439 766 480 ad
787 454 826 492 p.
855 449 948 491 392,
974 450 1010 479 2.

293 521 390 564 343.
423 509 654 550 Αῐιηοῒῑώίο
674 508 727 548 ad
748 507 821 549 lin.
845 519 871 560 9
894 505 1103 547 referenda
1124 505 1175 546 ad
1197 505 1270 545 lin.
1295 519 1357 559 19.

297 577 393 631 348.
417 591 485 632 32.
517 577 571 617 In
591 579 733 617 annot.
756 591 830 629 pro
854 572 946 627 φίλο
968 574 1098 615 scribe
1127 572 1217 631 φίλ’]
1242 574 1351 626 (cum
1374 573 1495 627 sig-no
1521 571 1767 625 compendii,

237 644 347 697 quod
368 646 430 686 καὶ
455 645 696 700 significat).

295 722 391 768 352.
418 714 482 754 26.
515 713 681 753 Codicis
702 712 909 765 scriptura
939 710 1048 751 πλέω
1071 723 1155 749 non
1181 708 1358 749 debebat
1379 709 1421 749 in
1445 709 1568 750 πλέον
1589 708 1766 749 mutari:

236 796 333 820 nam
369 781 521 834 duplex
558 781 639 821 fuit
674 780 892 834 scriptura,
929 778 1038 819 πλέω
1071 782 1113 819 eb
1147 777 1290 826 πλέων,
1324 778 1374 818 de
1404 792 1485 831 qua
1515 792 1553 817 v.
1586 776 1766 818 Lobeck.

237 849 401 890 Pathol.
424 849 502 890 vol.
529 863 551 892 2
575 865 613 903 p.
637 850 730 889 281.

294 927 391 972 357.
417 918 484 959 26.
512 914 956 972 ὠνόμασαν-Πελίαν]
982 916 1046 955 Ex
1070 914 1314 955 Hellanico:
1349 930 1387 956 v.
1406 914 1591 955 Crameri
1608 915 1766 955 Anecd.

237 986 372 1027 Oxon.
396 986 476 1026 vol.
499 999 515 1026 1
543 1001 582 1040 p.
608 999 704 1041 344,
729 999 767 1038 9.

293 1054 483 1109 367.18.
517 1054 620 1095 Dele
651 1053 907 1095 asteiiseum.
969 1053 1181 1093 Accentus
1207 1051 1251 1091 in
1273 1052 1312 1091 A
1335 1051 1391 1092 sic
1418 1051 1542 1105 positi
1564 1054 1612 1091 ub
1640 1050 1767 1100 edidi,

233 1121 437 1173 ἦ-ἦ-ἤ,
500 1123 640 1164 Verba
670 1122 914 1163 scholiastae
937 1121 994 1161 sic
1016 1120 1188 1175 corrigib
1220 1119 1432 1169 Lehrsius‚
1457 1119 1726 1172 διαπορητικὸς
1747 1121 1767 1159 ὁ

234 1191 395 1243 ὕστερος
416 1192 475 1232 διὸ
496 1192 793 1246 περισπαστέος·
826 1192 895 1232 τὸν
912 1192 954 1231 δὲ
970 1194 1123 1242 πρῶτον
1144 1190 1205 1231 καὶ
1222 1191 1404 1241 δεύτερον
1422 1188 1635 1241 ἐγκλιτέον.
1669 1188 1766 1231 Vid

237 1259 406 1303 Quaesh.
428 1260 507 1315 Ep.
530 1276 570 1315 p.
596 1269 651 1313 55
674 1263 715 1301 et
739 1260 802 1301 La
824 1260 966 1300 Roche
989 1258 1143 1301 Teoetkr.
1163 1274 1204 1312 p.
1229 1258 1326 1310 265.

292 1329 390 1383 381.
413 1342 481 1384 31.
514 1330 558 1371 τὸ
579 1332 869 1382 δὲ--ψιλοῦται
893 1327 1062 1368 seclusit
1086 1326 1265 1368 Lobeck.
1291 1326 1413 1367 Path.
1439 1325 1504 1366 El.
1532 1339 1548 1365 1
1576 1341 1615 1379 p.
1639 1326 1707 1377 56.

293 1410 389 1451 390.
414 1407 452 1450 5.
483 1395 644 1455 χωφόν]
669 1397 845 1452 Corrige
867 1398 1015 1448 κωφόν.

293 1479 389 1520 399.
417 1480 481 1522 13.
504 1464 612 1523 περὶ]
638 1466 812 1521 Cori-ige
835 1467 928 1518 πυρί
947 1480 997 1506 ex
1017 1466 1106 1506 cod.
1129 1464 1286 1505 Townl.

293 1548 389 1589 399.
415 1548 478 1589 19.
513 1531 899 1591 καταδακρυόεσσαν]
921 1537 1013 1575 κατὰ
1029 1534 1297 1585 δακρυόεσσαν
1313 1532 1546 1573 Lobeekius
1570 1531 1764 1572 Rhemat.

234 1617 271 1655 p.
294 1615 392 1657 320.

292 1684 388 1725 399.
413 1675 479 1714 28.
516 1673 569 1713 In
591 1676 732 1713 annot.
755 1672 830 1712 col.
856 1684 894 1712 2.
919 1671 992 1711 lin.
1022 1684 1037 1709 1
1065 1686 1138 1723 pro
1164 1670 1214 1710 28
1238 1670 1399 1723 corrige
1424 1682 1488 1723 29.

291 1753 387 1790 402.
413 1741 450 1782 6.
484 1738 676 1797 χαλκείῳ]
702 1740 875 1793 Corrige
892 1739 1070 1794 χαλκείῃ,
1094 1742 1142 1778 ul]
1164 1738 1207 1778 in
1228 1741 1360 1778 textu.

291 1821 389 1859 404.
416 1821 479 1851 12.
513 1809 690 1859 αἰτήματι
713 1805 914 1864 στίζομεν]
939 1806 1060 1847 Conf.
1083 1810 1225 1847 annot.
1248 1805 1300 1846 ad
1322 1806 1401 1846 vol.
1428 1818 1449 1847 2
1472 1821 1510 1859 p.
1534 1818 1602 1858 49,
1628 1815 1694 1857 27.

290 1878 389 1929 406.
417 1890 477 1919 11.
512 1875 662 1933 ἵππιος]
699 1876 768 1916 Sic
800 1890 849 1916 ex
881 1875 968 1916 cod.
999 1875 1159 1915 Townl.
1183 1874 1399 1927 scriptum.
1462 1873 1515 1913 In
1537 1874 1574 1913 A
1597 1877 1659 1913 est
1682 1874 1764 1923 ἵππ,

233 1945 342 1998 quod
375 1946 504 1986 ἵππων
535 1946 759 2000 significat.
822 1945 963 1984 Verba
995 1945 1014 1983 ὁ
1045 1943 1086 1983 δὲ
1119 1944 1472 1985 Ποσειδῶν-θεός
1503 1941 1642 1983 omisit
1674 1942 1765 1981 Vil-

233 2013 415 2054 loisonus
433 2033 440 2056 :
474 2014 582 2054 unde
604 2015 774 2054 fuerunb
796 2013 865 2067 qui
888 2013 939 2053 ab
962 2013 1000 2052 A
1022 2013 1161 2052 abesse
1183 2012 1409 2052 crederenb.

290 2095 387 2137 409.
416 2096 482 2137 23.
516 2083 615 2123 Posb
637 2085 677 2124 ἐν
699 2083 811 2137 ἄλλῳ
838 2081 941 2122 adde
963 2087 999 2135 ᾖ.

289 2164 387 2202 411.
415 2164 479 2193 21.
514 2149 703 2209 ἐπόπτης]
747 2151 919 2204 Corrige
957 2152 1115 2192 ἐπόπτις
1151 2154 1193 2190 eb
1228 2149 1272 2189 in
1309 2153 1451 2189 annot«.
1498 2162 1543 2191 21
1584 2146 1761 2204 ἐπόπτις]

233 2221 410 2270 ἐπόπτης.

289 2289 386 2338 416.
410 2302 477 2343 31.
513 2289 563 2328 In
585 2292 727 2329 annob.
751 2289 910 2342 corrige
935 2301 1001 2342 27,
1024 2302 1073 2342 31
1100 2284 1298 2343 ἴεν-ἧ]
1322 2287 1532 2329 ἰ”εν-εἶεν.

288 2369 386 2407 424.
410 2370 478 2411 31.
510 2358 531 2397 ὁ
550 2354 812 2414 Ἱ-Ιρωδιανός]
837 2356 1100 2397 Probabilius
1122 2358 1241 2400 οὕτως
1260 2355 1516 2409 Ἡρωδιανός.

289 2435 387 2477 427.
409 2438 449 2477 4.
483 2428 530 2466 τὰ
551 2426 668 2467 αὐτοῦ
690 2427 869 2477 σημαίνει
893 2429 1052 2479 (σημεῖα
1073 2422 1382 2481 Α)-χειμῶνα]
1418 2424 1532 2464 Haec
1563 2423 1735 2464 delenda
1753 2441 1761 2464 :

232 2509 329 2534 nam
351 2498 448 2535 sunb
469 2494 721 2549 glossemata
741 2494 1035 2545 interlinearia,
1057 2495 1107 2535 de
1128 2509 1208 2549 quo
1230 2493 1317 2534 dixi
1338 2493 1418 2534 vol.
1445 2506 1467 2533 2
1490 2508 1528 2547 p.
1553 2507 1650 2548 333,
1674 2507 1742 2548 31.

289 2564 386 2614 428.
413 2576 479 2617 29.
514 2563 720 2604 Addenda
741 2564 981 2604 annobatio:
1017 2576 1083 2617 29.
1117 2561 1275 2620 ἀκλεές]
1304 2564 1440 2605 ἀκλεές
1471 2562 1558 2603 sine
1589 2567 1762 2603 accentu

232 2633 285 2679 A,
307 2632 378 2685 qui
400 2632 444 2672 in
475 2635 595 2673 sscxtu
627 2634 795 2683 ἀκληεῖς,
819 2637 867 2672 ut]
898 2632 1102 2673 incertum
1134 2632 1190 2672 sib
1220 2635 1362 2672 utrum
1389 2631 1526 2674 ἆκλέες
1547 2646 1600 2672 an
1623 2631 1762 2675 ἀκλεές

232 2700 421 2741 volucrit.
486 2701 537 2740 In
574 2700 743 2755 reliquis
766 2699 974 2741 codicibus
1006 2700 1071 2741 vcl
1102 2702 1256 2751 ἀκληεῖς
1286 2700 1454 2755 legibur,
1487 2701 1596 2754 quod
1628 2703 1760 2741 πολλὰ

233 2773 309 2809 τῶν
341 2771 511 2821 ἀκριβῶν
543 2769 794 2822 ἀντιγράφων
827 2770 933 2823 ἔχειν
963 2769 1184 2810 annotavit]
1215 2769 1464 2809 Eustathius
1496 2784 1534 2823 p.
1560 2781 1656 2823 907,
1687 2782 1759 2825 53,

233 2837 294 2877 vcl
339 2837 518 2880 ἀκλειεῖς.
594 2838 787 2879 Scholion
818 2837 928 2892 quod
960 2853 1009 2878 cx
1042 2839 1080 2877 A
1118 2839 1257 2891 posuit
1299 2839 1526 2888 Bekkerus,
1559 2837 1758 2881 ἀκλειεῖςε

232 2906 362 2948 οὕτως.
397 2907 535 2949 ἀκλέες
566 2909 605 2947 δὲ
638 2906 896 2961 Ἀρίσταρχος
929 2909 1023 2947 κατὰ
1054 2907 1264 2959 συγκοπὴν,
1289 2909 1338 2950 ὡς
1360 2907 1403 2947 τὸ
1426 2906 1597 2947 δυσκλέα
1620 2906 1688 2959 (Il.
1717 2920 1752 2955 2,

240 2979 334 3027 ¹¹5)
368 2989 450 3014 non
491 2975 646 3029 legitur
679 2976 719 3016 in
752 2977 805 3026 A,
837 2976 906 3017 sed
945 2976 985 3016 in
1022 2976 1298 3016 Townleiano.
1375 2976 1515 3017 Quum
1555 2975 1757 3029 syllabam
