1974 3305
563 146 786 184 [ΛΙΑΔΟΣ
828 146 881 190 Π,
916 145 956 182 Ρ.
999 141 1096 194 (16,
1130 140 1211 192 17)
1565 135 1648 175 337

175 247 273 303 384.
306 244 487 303 ἔβαινον]
523 246 732 299 Superser.
754 261 870 295 ησαν,
894 244 920 283 i.
939 257 972 284 e.
996 243 1150 294 ἔβησαν

177 325 275 368 415.
309 313 484 371 ἐείσατο]
518 316 687 365 ἐπῆλθεν
859 324 957 367 432.
991 308 1173 367 κατέκτα]
1207 312 1227 351 6
1249 310 1468 361 Λυκόφρων

177 396 274 437 470.
307 381 473 440 πρώϊον]
502 383 733 435 πρόσφατον
907 390 1004 432 502.
1037 376 1190 435 ἄρκιον]
1224 379 1402 430 ἁρμόζον,
1426 374 1630 429 συμφέρον

180 462 278 506 529.
311 450 455 509 θώρηξ]
485 454 553 491 τοῦ
574 450 758 502 Μέγητος
876 448 973 503 538.
1007 446 1048 504 ὁ]
1083 448 1103 486 6
1128 446 1265 498 Μέγης

181 530 279 573 544.
313 517 541 576 ἐεισάσθην]
570 521 741 570 ἐπῆλθον
866 526 964 569 547.
997 513 1121 572 ὄφρα]
1152 515 1196 555 τὸ
1219 517 1324 567 ὄφρα
1347 514 1432 554 ἀντὶ
1453 516 1522 554 τοῦ
1542 511 1634 554 τέως
1674 521 1695 559 5

182 589 280 642 558.
313 583 496 645 κτάσθαι]
527 589 768 640 ἀναιρεῖσθαι
886 584 985 637 598.
1019 581 1136 640 ἀρήν]
1171 584 1333 623 ἱκετείαν

183 658 280 710 679.
313 654 545 714 κελητίζειν]
580 657 753 697 ἱππεύειν
928 652 1026 695 681.
1057 649 1204 707 δίηται]
1239 652 1444 701 ἱππεύηται

183 726 280 776 684.
314 723 539 781 ἀμείβεται]
571 725 799 776 μεταβαίνει

185 805 206 846 7
213 794 280 849 38.
315 791 541 851 ἑτεραλκέα]
577 794 661 834 ἀντὶ
683 796 751 834 τοῦ
773 791 908 844 ἑτέραν
929 790 1051 842 ἀλκήν

775 950 825 988 Π.
886 947 1011 1000 (16)
1685 953 1731 980 10

189 1078 255 1107 12.
288 1062 547 1121 πιφαύσκεαι]
572 1065 657 1106 ἀντὶ
677 1066 744 1104 τοῦ
766 1065 965 1115 σημαίνεις

186 1145 254 1187 47.
280 1131 481 1190 λιτέσθαι]
517 1134 699 1174 ἱκετεύειν
876 1132 941 1183 85.
971 1129 1027 1187 οἱ]
1056 1128 1101 1173 οὗ
1122 1130 1166 1184 (i.
1184 1145 1218 1171 e.
1240 1130 1361 1182 οὗτοι)

191 1215 287 1244 202.
319 1201 432 1242 πάνθ’
453 1202 528 1243 ὑπὸ
549 1199 758 1258 μηνιθμόν]
791 1200 865 1241 ὑπὸ
887 1201 1016 1241 πάντα
1036 1199 1103 1240 τὸν
1119 1201 1186 1249 τῆς
1208 1200 1324 1251 ὀργῆς
1344 1200 1486 1251 χρόνον

191 1283 286 1326 233.
321 1274 532 1312 Δωδωναῖε
554 1268 805 1326 Πελασγικέ]
839 1271 875 1310 οἱ
897 1269 1105 1310 Θεσσαλοὶ
1128 1268 1376 1319 Πελασγικοὶ
1397 1266 1580 1318 λέγονται

192 1350 288 1392 272.
322 1339 540 1393 ἀγχέμαχοι
561 1336 814 1394 θεράποντες]
843 1338 999 1390 ἄριστοί
1017 1339 1092 1378 εἰσι
1114 1337 1296 1387 δηλονότι
1689 1347 1735 1386 15

192 1409 289 1464 336.
319 1406 480 1465 μέλεον]
512 1407 676 1460 μάταιον

193 1488 290 1532 374.
322 1475 488 1533 τμάγεν]
524 1477 585 1517 καὶ
606 1480 717 1517 τοῦτο
741 1478 802 1517 διὰ
824 1479 890 1516 τοῦ
912 1484 931 1516 ἒ
1094 1472 1239 1529 ἄελλα]
1274 1475 1294 1513 6
1318 1473 1512 1524 κονιορτός

194 1554 292 1601 375.
323 1546 398 1587 ὑπὸ
421 1544 590 1602 νεφέων]
614 1545 687 1586 ὑπὸ
710 1547 758 1586 τὰ
780 1544 878 1597 νέφη
899 1543 921 1595 ἢ
942 1543 1017 1584 ὑπὸ
1038 1547 1116 1583 τῶν
1138 1542 1290 1593 ἀνέμων

193 1627 290 1670 392.
324 1614 385 1656 ἐπὶ
408 1612 497 1670 κάρ]
523 1615 584 1654 ἐπὶ
608 1613 786 1665 κεφαλήν
905 1625 1004 1663 441.
1034 1608 1308 1667 πεπρωμένον]
1345 1609 1669 1661 κατακεκριμένον

191 1684 290 1735 456.
323 1680 584 1739 ταρχύσουσι]
619 1682 793 1735 θάψουσι
967 1689 1066 1733 459-
1098 1678 1264 1735 ψιάδας]
1299 1681 1462 1731 δρόσους
1692 1697 1741 1723 20

195 1751 294 1804 468.
329 1749 495 1808 ἀΐσθων]
530 1752 674 1803 ἀλγῶν,
699 1750 872 1792 ἐκπνέων

194 1820 292 1873 469.
323 1818 475 1877 μακὼν]
507 1819 776 1871 μυκησάμενος
949 1829 1048 1870 470.
1079 1815 1202 1873 κρίκε]
1233 1816 1384 1870 ἤχησεν

193 1898 293 1940 471.
324 1885 536 1944 παρήορος]
571 1890 590 1928 ὁ
612 1888 683 1939 ἔξω
705 1891 773 1928 τοῦ
797 1887 911 1940 ζυγοῦ
931 1888 1047 1929 ἵππος

195 1958 294 2008 476.
329 1953 507 2013 συνίτην]
546 1955 773 2008 Πάτροκλος
796 1956 857 1996 καὶ
879 1955 1093 2008 Σαρπηδών

197 2037 296 2077 491.
328 2022 531 2080 μενέαινε]
563 2025 839 2077 ἐλιποψύχησε
1015 2024 1112 2075 567.
1144 2018 1306 2080 ὑσμίνῃ]
1337 2023 1530 2074 ἆορασίαν
1697 2037 1744 2075 25

198 2102 296 2148 573.
331 2090 521 2149 Βουδείῳ]
548 2094 663 2135 πόλις
681 2093 867 2135 Βοιωτίας
956 2101 1054 2145 591.
1082 2090 1392 2148 θυμοραϊστέων]
1418 2091 1676 2143 θυμοφθόρων

199 2162 296 2217 613.
329 2157 461 2218 ἀφίει]
495 2160 702 2213 ἀπέπεμψε
860 2160 957 2212 685.
990 2158 1137 2216 ἀάσθη]
1168 2160 1327 2211 ἐβλάβη

202 2240 297 2285 713.
330 2227 429 2287 δίζε]
464 2229 739 2280 ἀμφέβαλλεν,
763 2229 963 2278 ἐδίσταζεν
1131 2237 1227 2280 747.
1259 2226 1399 2285 τήθεα]
1433 2228 1578 2280 ὄστρεα

200 2308 297 2351 754.
331 2296 455 2354 ἆλσο]
489 2298 539 2341 ὡς
561 2298 658 2338 ἆλτο

204 2367 300 2421 825.
332 2367 492 2409 πίδακος
513 2364 610 2419 ἀμφ’
633 2363 789 2421 ὀλίγης]
814 2366 900 2418 περὶ
921 2368 1057 2417 μικρᾶς
1077 2367 1203 2417 πηγῆς
1699 2381 1749 2417 30

799 2522 839 2559 P.
903 2519 1026 2570 (17)

209 2654 244 2681 1.
277 2638 354 2681 οὐδ’
379 2637 510 2696 ἔλαθ’]
545 2638 629 2680 καθ’
651 2638 874 2691 ὑπερβατὸν
895 2638 963 2679 οὐκ
985 2637 1105 2679 ἔλαθε
1127 2638 1170 2680 δέ

205 2719 246 2756 4.
278 2702 460 2761 πόρτακι]
495 2704 659 2757 δαμάλει
834 2712 874 2756 5.
909 2701 1058 2760 κινυρή]
1092 2705 1236 2756 οἰκτρὰ,
1259 2702 1435 2754 ὀδυρτική

208 2786 246 2826 9.
275 2770 376 2829 υἱός]
411 2774 431 2813 6
454 2773 663 2825 Εὔφορβος
842 2782 907 2824 17.
938 2770 1145 2829 μελιηδέα]
1179 2774 1354 2824 προσηνῆ

212 2853 279 2883 22.
311 2838 563 2897 βλεμεαίνει]
597 2841 887 2893 ἐπιρρώννυται,
909 2840 1038 2882 δεινὸν
1058 2840 1214 2892 βλέπει,
1237 2839 1424 2880 πέποιθεν
1705 2864 1754 2903 35

211 2922 278 2964 23.
308 2906 534 2966 ἐϋμμελίαι]
558 2910 768 2959 πολεμικοί
884 2921 952 2960 24.
973 2906 1253 2965 (Ύπερήνορος]
1278 2907 1451 2961 ἀδελφὸς
1468 2907 1683 2961 Εὐφόρβου

212 2986 278 3030 25.
312 2978 376 3018 ὅτε
395 2977 436 3028 μ’
454 2975 600 3034 ὤνατο]
634 2979 698 3018 ὅτε
719 2995 768 3029 με
789 2979 955 3031 ὕβρισεν

209 3069 300 3098 VOL.
323 3069 371 3097 ῘῙ.
903 3069 924 3093 Ζ
