1974 3305
269 135 353 174 332

329 236 399 286 46.

326 305 424 356 ἀγην

802 134 1027 172 [ΛιΑΔοΣ
1070 135 1126 172 M.
1169 133 1280 185 (12)

433 239 573 287 ταρβεῖ
592 235 679 275 οὐδὲ
706 231 914 289 φοβεῖται]
939 234 1063 273 δέδιεν
1084 233 1173 274 οὐδὲ
1194 234 1332 285 φεύγει

427 300 530 359 ορίη]
559 295 649 343 ὂαῦ
678 301 718 355 (i.
733 315 766 343 e.
800 303 859 341 ὅτι
890 302 975 342 ἀντὶ
1006 301 1093 356 τοῦ)
1125 302 1308 353 ἀνδρείως
1329 303 1372 342 δε
1396 303 1442 341 θν
1463 301 1571 355 (sic).
1619 300 1730 342 Fort.
1758 303 1800 343 δὲ

268 371 429 422 θνήσκει
602 380 672 421 47.
704 367 874 426 ταρφέα]
900 368 1022 410 πυκνά

326 447 394 491 52·

326 516 394 559 54·

428 436 670 495 δειδίσσετο]
697 439 750 480 εἷς
773 438 859 480 δέος
879 438 952 490 ἦγε
974 437 1036 478 καὶ
1057 439 1193 490 φόβον

425 505 570 564 ῥηϊδίη]
597 508 765 549 εὐκόλως
938 504 1169 563 ἐπηρεφέες]
1191 506 1355 559 ὑψηλοὶ,
1378 505 1548 560 μεγάλοι
1818 523 1840 560 5

427 573 716 631 σκολόπεσσιν]
741 576 870 626 ξύλοις
892 575 1186 626 ἀπωξυμμένοις

387 677 394 686 .
426 642 578 701 ἠρήρει]
603 644 852 684 ἐπεπύκνωτο
1028 652 1096 695 57.
1129 641 1328 700 ἀλεωρήν]
1354 643 1546 696 φυλακὴν,
1570 642 1780 696 ἀποφυγήν

387 745 394 753 .
425 709 650 768 μενοίνεον]
675 712 975 763 προεθυμοῦντο,
999 712 1178 751 ἐνενόουν

387 813 394 821 .
429 777 654 836 ἀφραδέως]
680 778 940 831 ἀπρονοήτως,
963 779 1129 829 ἀπείρως

385 879 393 888 .
426 845 670 903 τρώσεσθαι]
695 847 781 888 ἀντὶ
801 847 868 886 τοῦ
892 847 1170 898 ἐλαττωθῆναι,
1192 847 1401 898 ἡττηθῆναι
1822 866 1870 890 10

385 949 393 957 .
426 914 634 972 ἀλαπάζει]
659 918 798 968 πορθεῖ

385 1017 393 1025 .
424 983 469 1042 ἦ]
495 987 616 1028 ὄντως
793 995 860 1037 71.
893 982 1101 1041 παλίωξις]
1125 985 1148 1036 ἡ
1170 989 1247 1025 τῶν
1268 985 1484 1026 διωκόντων
1505 986 1613 1039 φυγή

427 1052 685 1111 ἑλιχθέντων]
709 1053 1048 1106 ὑποστραφέντων

384 1154 392 1162 .
424 1120 609 1179 πρυλέες]
635 1123 754 1174 πεζοὶ,
778 1124 937 1163 ὁπλῖται

383 1222 392 1231 .
425 1189 518 1247 ὥδε]
542 1190 684 1243 ἤρεσκε
859 1187 1042 1246 ἀπήμων]
1067 1190 1214 1232 ἄλυπος
1821 1210 1866 1247 15

426 1257 674 1315 ἀρτύναντες]
698 1257 1086 1309 παρασκευάσαντες,
1110 1258 1295 1308 τάξαντες

382 1359 391 1368 .
424 1326 618 1384 πένταχα]
643 1329 696 1370 εἷς
718 1326 748 1368 ε’
768 1327 895 1378 τάξεις
1070 1340 1138 1382 93.
1172 1325 1316 1384 Πάρις]
1335 1326 1596 1380 Ἀλέξανδρος

384 1429 392 1437 .
426 1394 610 1453 αἴθωνες]
634 1395 824 1448 διάπυροι,
849 1397 951 1446 ὀξεῖς

413 1497 421 1506 .
455 1463 631 1522 εἴσαντο]
657 1466 806 1515 ἔδοξαν,
831 1463 1036 1516 ἐφάνησαν

453 1531 618 1590 ἄραρον]
643 1533 925 1585 ἠσφαλίσαντο
1105 1545 1198 1574 112.
1231 1531 1428 1589 πέλασεν]
1457 1537 1681 1584 προσῆλθεν
1818 1554 1867 1578 20

413 1633 422 1643 .
455 1600 617 1658 ἀλύξας]
642 1602 843 1653 διαφυγών
1021 1601 1114 1642 116.
1148 1599 1388 1657 δυσώνυμος]
1413 1601 1569 1654 χαλεπή

455 1669 609 1727 εἴσατο]
634 1672 812 1723 ὥρμησεν
991 1682 1084 1722 119.
1113 1668 1317 1725 νίσσοντο]
1342 1671 1572 1721 ἐπορεύοντο

413 1771 420 1780 .
453 1737 574 1795 ὀχῆα]
599 1740 753 1792 μοχλόν
933 1751 1026 1790 124.
1061 1736 1162 1795 ἰθύς]
1186 1737 1242 1779 ἐπ’
1267 1738 1416 1780 εὐθείας

415 1840 422 1848 .
454 1805 712 1863 ὑψικάρηνοι]
735 1807 878 1858 μακραὶ

413 1908 423 1918 .
456 1873 660 1931 ἀραρυῖαν]
685 1876 862 1926 βεβαίως
882 1874 1120 1927 ἡρμοσμένοι
1817 1892 1864 1930 25

410 1979 418 1987 .
451 1942 574 2001 ἔκιον]
595 1942 770 2000 ἐπῄεσαν
863 1957 957 1995 141.
991 1945 1077 1986 εἵως
1093 1941 1183 2000 μὲν]
1203 1944 1292 1994 πρὶν
1314 1945 1446 1986 ἐλθεῖν
1464 1945 1552 1988 τοὺς
1567 1945 1796 1997 βαρβάρους

414 2046 421 2054 .
455 2013 565 2053 ἔνδον
585 2010 735 2069 ἐόντες]
761 2013 833 2055 ἕως
854 2017 997 2066 τειχῶν
1179 2023 1270 2064 147.
1304 2011 1562 2070 κολοσυρτὸν]
1588 2015 1756 2066 θόρυβον

382 2104 390 2120 ι
409 2115 417 2123 .
450 2079 603 2138 δοχμώ]
629 2083 683 2123 εἰς
707 2080 879 2134 πλάγιον
901 2083 1093 2133 ὁρμῶντες
1268 2080 1458 2138 ἄγνυτον]
1484 2087 1733 2124 κατακλῶσιν

412 2182 420 2190 .
451 2147 645 2207 πρυμνὴν]
669 2149 844 2203 ἐσχάτην
1023 2159 1115 2202 151.
1149 2147 1308 2206 κόμπει]
1332 2151 1488 2191 ἐκτύπει

411 2251 419 2259 .
451 2222 610 2259 λαοῖσιν
630 2216 707 2274 —]
732 2222 812 2261 τοῖς
834 2216 909 2258 ἀπὸ
929 2222 996 2258 τοῦ
1018 2219 1169 2271 τείχους
1191 2219 1327 2272 ὄχλοις
1350 2221 1581 2270 θαρροῦντες
1815 2236 1866 2272 30

410 2319 419 2327 .
451 2285 561 2343 ζαής]
584 2288 714 2338 βίαιος
892 2286 985 2327 160.
1019 2287 1114 2328 αῧον
1136 2283 1296 2343 ἀΰτευν]
1321 2286 1493 2339 σκληρὸν
1514 2286 1639 2340 ἤχουν

410 2386 418 2395 .
449 2352 693 2411 μυλάκεσσι]
713 2353 880 2408 τραχέσι
903 2356 1029 2396 λίθοις

324 2424 418 2479 163.
451 2420 705 2480 ἀλαστήσας]
727 2422 1012 2474 δεινοπαθήσας

325 2492 417 2532 168.

451 2490 572 2548 οἰκία]
597 2492 776 2542 φωλεούς

320 2557 617 2616 παιπαλοέσσῃ]
642 2560 686 2615 τῇ
709 2561 862 2601 πολλὰς
883 2561 1047 2610 ἐκτομὰς
1071 2560 1230 2612 ἐχούσῃ,
1253 2563 1298 2616 τῇ
1322 2562 1484 2615 τραχείᾳ
1816 2574 1865 2613 35

326 2641 418 2681 172.
451 2626 706 2685 χάσσασθαι]
731 2631 972 2682 χωρισθῆναι

323 2708 416 2750 177.

449 2694 675 2753 θεσπιδαές]
699 2696 743 2736 τὸ
766 2695 840 2736 ὑπὸ
862 2699 962 2737 θεῶν
984 2697 1273 2748 ἀναπτόμενον,
1295 2698 1413 2739 οἱονεὶ
1435 2701 1545 2739 θεῖον

326 2777 417 2818 179.
453 2763 683 2821 ἀκαχείατο]
709 2765 951 2814 ἐλελύπηντο

325 2835 415 2876 181.

448 2831 640 2890 Λαπίθαι]
665 2835 702 2874 οἱ
723 2833 810 2885 περὶ
833 2834 1015 2884 Πειρίθου
1035 2834 1318 2888 μαχεσάμενοι,
1340 2836 1377 2875 οἱ
1398 2836 1440 2875 δὲ
1461 2838 1542 2877 τοῖς
1566 2835 1795 2887 Κενταύροις

326 2902 418 2942 186.
451 2900 697 2958 πεπάλακτο]
723 2903 935 2953 ἐμολύνετο
1818 2915 1868 2950 40

326 2970 416 3021 187.
451 2969 686 3027 ἐξενάριξεν]
712 2972 964 3020 ἐσκύλευσεν,
988 2973 1148 3013 ἀνεῖλεν
