1974 3305
636 131 860 169 ΙΛῐΑΔΟΣ
904 132 960 169 Μ.
1004 130 1116 182 (12)
1557 127 1641 167 333

177 242 268 282 192.
302 228 582 287 αὐτοσχεδίην]
607 232 648 271 ἐκ
668 233 737 271 τοῦ
760 230 942 280 πλησίον,
967 232 1009 271 ἐκ
1035 233 1166 284 χειρός

176 310 272 340 202.
305 296 533 355 φοινήεντα]
558 298 790 350 φονευτικὸν
810 298 834 349 ἢ
856 300 1003 351 πυρρόν

174 379 271 418 204.
303 364 425 424 κόψε]
450 367 598 415 ἔδακεν,
621 366 788 418 ἔπληξεν

175 443 271 487 205.
305 433 496 492 ἰδνωθείς]
524 435 762 487 συνειλήσας
784 435 933 486 ἑαυτὸν,
958 437 1149 488 καμφθείς

175 515 271 557 207.
305 501 494 560 κλάγξας]
518 503 653 555 βοήσα
1665 511 1686 548 5

175 583 271 626 213.
304 573 425 623 παρὲξ
446 569 705 628 ἀγορευέμεν]
730 571 872 622 ἔξωθεν
892 575 968 612 τῶν
989 574 1172 624 χρηστῶν

175 648 272 692 225.
304 639 349 680 οὗ
371 638 522 696 κόσμῳ]
547 639 592 680 οὗ
614 642 709 681 κατὰ
730 640 773 681 τὸ
795 640 883 681 δέον
1041 641 1144 690 παρὰ
1165 636 1328 695 ναῦφιν]
1353 638 1428 679 ἀπὸ
1448 641 1526 678 τῶν
1546 640 1645 678 νεῶν

171 708 269 748 αὐτὰ
290 706 475 765 κέλευθα]
499 709 567 751 τὰς
593 709 708 751 αὐτὰς
729 710 842 752 ὁδούς

175 774 272 817 228.
303 775 573 834 ὑποκρίναιτο]
598 777 684 818 ἀντὶ
705 779 774 817 τοῦ
794 777 1048 828 ἀποκρίναιτο
1070 774 1325 828 ἐξηγούμενος
1345 774 1389 814 τὸ
1411 777 1574 825 σημεῖον

172 842 410 901 θεοπρόπος]
435 845 637 896 οἰωνιστής
1669 855 1716 879 10

173 924 270 967 233.
303 911 379 953 ἀπὸ
402 911 594 969 σπουδῆς]
620 913 697 954 ἀπὸ
721 915 883 965 κρίσεως
1002 925 1098 967 239.
1121 912 1215 964 πρὸς
1235 909 1311 967 ἠῶ]
1335 910 1431 961 πρὸς
1452 908 1647 952 ἀνατολάς

174 993 270 1031 240.
301 981 389 1021 ποτὶ
412 979 554 1038 ζόφον]
577 982 674 1033 πρὸς
695 982 842 1032 δυσμάς

174 1058 271 1101 247.
301 1047 524 1106 μενεδήϊος]
549 1051 592 1090 ἐν
617 1051 661 1106 τῇ
684 1050 791 1106 μάχῃ
814 1050 1036 1102 καρτερικός

173 1129 270 1170 249.
301 1116 578 1174 παρφάμενος]
602 1117 974 1170 παραλογισάμενος
1123 1126 1219 1168 250.
1253 1114 1402 1172 τυπεὶς]
1427 1116 1590 1168 πληγείς

174 1194 270 1238 255.
304 1183 442 1243 θέλγε]
465 1186 609 1237 ἠπάτα,
632 1187 833 1237 ἔβλαπτεν
1671 1192 1718 1229 15

174 1263 270 1306 257.
301 1252 539 1311 πειρήτιζον]
564 1258 701 1303 πεῖραν
723 1255 924 1295 ἐποιοῦντο

175 1323 272 1376 258.
306 1322 497 1381 κρόσσας]
521 1328 782 1377 προμαχῶνας
804 1324 826 1374 ἢ
851 1325 1041 1375 κλίμακας
1192 1320 1366 1378 ἔρειπον]
1392 1322 1591 1374 ἔστρεψαν

171 1389 372 1448 ἐπάλξεις]
396 1395 655 1444 προμαχῶνας
684 1388 830 1443 (προμᾶ
852 1391 909 1444 Α)

174 1468 271 1512 259.
304 1457 473 1516 στήλας]
499 1460 636 1512 ὀρθοὺς
656 1462 791 1502 λίθους

173 1528 270 1570 260.
305 1526 475 1584 ἔχματα]
500 1529 726 1579 ἐρείσματα,
749 1529 954 1579 θεμελίους
1572 1566 1573 1574 ,
1671 1542 1719 1566 20

174 1596 270 1638 261.
303 1594 486 1653 αὐέρυον]
513 1595 711 1646 ἐξέβαλον
888 1597 984 1647 264.
1018 1593 1165 1651 δηΐους]
1190 1595 1277 1636 τοὺς
1301 1596 1510 1645 πολεμίους

174 1664 270 1716 265.
303 1662 592 1721 κελευτιόωντ’]
617 1665 923 1716 παρεκελεύοντο

177 1733 274 1775 266.
307 1730 518 1789 φοιτήτην]
541 1734 798 1786 ἐπερχόμενοι

173 1803 269 1853 267.
299 1799 530 1858 μειλιχίοις]
554 1800 690 1853 πράοις
866 1798 1060 1857 στερεοῖς]
1087 1804 1274 1851 σκληροῖς

174 1868 270 1910 268.
303 1866 474 1925 νείκεον]
498 1869 686 1919 ὀνείδιζον
805 1869 900 1921 269.
932 1866 1109 1925 μεσήεις]
1132 1868 1246 1920 μέσοι
1270 1870 1365 1908 κατὰ
1390 1868 1551 1918 δύναμιν
1669 1883 1717 1918 25

175 1947 272 1992 273.
304 1935 528 1994 τετράφθω]
552 1936 751 1989 τρεπέσθω

173 2002 457 2061 ὁμοκλητῆρος]
481 2007 550 2046 τοῦ
579 2005 896 2057 ἐγκελευομένου,
921 2007 988 2046 τοῦ
1011 2005 1267 2047 ἀπειλοῦντος

176 2084 274 2127 274.
307 2071 438 2130 ἵεσθε]
463 2074 605 2125 ὁρμᾶτε
781 2074 877 2125 276.
911 2071 1083 2130 δίεσθαι]
1108 2077 1240 2124 διῶξαι

173 2153 271 2197 279.
303 2138 444 2198 ὤρετο]
468 2141 636 2194 ὥρμησε,
658 2141 904 2193 προεθυμήθη

175 2210 272 2253 280.
304 2207 644 2266 πιφαυσκόμενος]
669 2210 902 2262 ἐμφανίζων,
925 2210 1205 2260 προσημαίνων
1667 2224 1716 2260 30

171 2281 220 2319 τὰ
243 2279 268 2319 ἃ
288 2275 409 2334 κῆλα]
433 2279 482 2318 τὰ
503 2278 619 2318 αὐτοῦ
643 2282 787 2328 σημεῖα
809 2277 883 2331 (sic
905 2282 1014 2317 recte
1030 2277 1084 2326 A,
1102 2290 1186 2316 non
1205 2277 1395 2326 σημαίνει,
1413 2277 1522 2330 quod
1538 2276 1645 2317 male

116 2360 314 2388 excusum
353 2361 394 2400 p.
427 2356 525 2399 427,
558 2360 599 2396 4,
625 2345 697 2386 ubi
733 2345 831 2386 haec
868 2345 977 2385 inter
1007 2343 1161 2385 scholia
1192 2347 1290 2384 sunt
1320 2347 1503 2399 recepta)
1538 2345 1643 2396 βέλη

115 2415 325 2466 ἐπιπέμπει
347 2415 444 2456 κατὰ
464 2417 604 2468 χόλον.
651 2415 753 2465 βέλη
775 2416 816 2455 δὲ
840 2414 910 2454 νῦν
931 2413 1000 2454 τὸν
1018 2416 1192 2466 χειμῶνα

177 2483 274 2525 282.
307 2481 504 2540 πρώονας]
529 2485 598 2525 τὰς
620 2486 695 2524 τῶν
715 2484 814 2535 ὀρῶν
836 2480 978 2534 ἐξοχάς

174 2551 272 2607 283.
303 2549 522 2608 λωτεῦντα]
547 2552 743 2592 ἀνθοῦντα
918 2550 1034 2590 πίονα
1055 2547 1170 2606 ἔργα]
1194 2551 1243 2590 τὰ
1264 2550 1435 2603 γεώργια
1666 2562 1715 2599 35

176 2619 272 2673 285.
305 2617 579 2676 προσπλάζον]
603 2619 937 2672 προσερχόμενον,
959 2619 1306 2671 προσρηγνύμενον

176 2688 273 2729 286.
306 2685 501 2743 εἰλύαται]
527 2686 764 2728 κεκάλυπται

174 2755 271 2808 287.
305 2753 508 2812 πωτῶντο]
531 2754 728 2804 ἐπέτοντο,
752 2755 940 2808 ἐφέροντο

174 2836 271 2879 293.
305 2821 451 2880 ἕλιξιν]
472 2822 643 2875 μέλασιν
662 2822 686 2874 ἢ
709 2824 861 2864 εἰλοῦσι
881 2823 969 2866 τοὺς
988 2824 1110 2865 πόδας
1132 2824 1173 2864 ἐν
1194 2823 1238 2878 τῇ
1260 2824 1397 2876 πορείᾳ

171 2900 268 2945 295.
302 2889 515 2948 ἐξήλατον]
541 2891 759 2945 ἑξάπτυχον
1664 2904 1715 2937 40

176 2960 273 3012 296.
305 2957 475 3015 ἤλασεν]
501 2960 791 3000 κατεσκεύασεν
861 2957 1065 3015 ἔντοσθεν]
1093 2959 1242 2999 ἔσωθεν
1315 2955 1472 3015 βοείας]
1495 2959 1645 3011 βύρσας
